@article{isi2017probing,
  title={Probing gravitational wave polarizations with signals from compact binary coalescences},
  author={Isi, Maximiliano and Weinstein, Alan J},
  journal={arXiv preprint arXiv:1710.03794},
  year={2017}
}

@article{samajdar2017projected,
  title={Projected constraints on the dispersion of gravitational waves using advanced ground-and space-based interferometers},
  author={Samajdar, Anuradha and Arun, KG},
  journal={Physical Review D},
  volume={96},
  number={10},
  pages={104027},
  year={2017},
  publisher={APS}
}

@article{abbott2017gravitational,
  title={Gravitational waves and gamma-rays from a binary neutron star merger: GW170817 and GRB 170817A},
  author={Abbott, Benjamin P and Abbott, R and Abbott, TD and Acernese, F and Ackley, K and Adams, C and Adams, T and Addesso, P and Adhikari, RX and Adya, VB and others},
  journal={The Astrophysical Journal Letters},
  volume={848},
  number={2},
  pages={L13},
  year={2017},
  publisher={IOP Publishing}
}

@book{poisson2014gravity,
  title={Gravity: Newtonian, post-newtonian, relativistic},
  author={Poisson, Eric and Will, Clifford M},
  year={2014},
  publisher={Cambridge University Press}
}

@article{abbott2019tests,
  title={Tests of general relativity with GW170817},
  author={Abbott, BP and Abbott, R and Abbott, TD and Acernese, F and Ackley, K and Adams, C and Adams, T and Addesso, P and Adhikari, RX and Adya, VB and others},
  journal={Physical review letters},
  volume={123},
  number={1},
  pages={011102},
  year={2019},
  publisher={APS}
}

@article{ligo2019tests,
  title={Tests of general relativity with the binary black hole signals from the ligo-virgo catalog gwtc-1},
  author={LIGO Scientific Collaboration and Virgo Collaboration and others},
  journal={arXiv preprint arXiv:1903.04467},
  year={2019}
}

@article{Chatziioannou:2019dsz,
      author         = "Chatziioannou, Katerina and others",
      title          = "{On the properties of the massive binary black hole
                        merger GW170729}",
      year           = "2019",
      eprint         = "1903.06742",
      archivePrefix  = "arXiv",
      primaryClass   = "gr-qc",
      SLACcitation   = "%%CITATION = ARXIV:1903.06742;%%"
}

@article{Dhanpal:2018ufk,
      author         = "Dhanpal, Siddharth and Ghosh, Abhirup and Mehta, Ajit
                        Kumar and Ajith, Parameswaran and Sathyaprakash, B. S.",
      title          = "{A no-hair test for binary black holes}",
      journal        = "Phys. Rev. D",
      volume         = "99",
      year           = "2019",
      number         = "10",
      pages          = "104056",
      doi            = "10.1103/PhysRevD.99.104056",
      eprint         = "1804.03297",
      archivePrefix  = "arXiv",
      primaryClass   = "gr-qc",
      reportNumber   = "LIGO-P1800056-v4, LIGO-P1800056-V4",
      SLACcitation   = "%%CITATION = ARXIV:1804.03297;%%"
}

@article{LIGOScientific:2018mvr,
      author         = "Abbott, B. P. and others",
      title          = "{GWTC-1: A Gravitational-Wave Transient Catalog of
                        Compact Binary Mergers Observed by LIGO and Virgo during
                        the First and Second Observing Runs}",
      collaboration  = "LIGO Scientific, Virgo",
      year           = "2018",
      eprint         = "1811.12907",
      archivePrefix  = "arXiv",
      primaryClass   = "astro-ph.HE",
      reportNumber   = "LIGO-P1800307",
      SLACcitation   = "%%CITATION = ARXIV:1811.12907;%%"
}

@article{gw170608,
      author         = "Abbott, B.. P.. and others",
      title          = "{GW170608: Observation of a 19-solar-mass Binary Black
                        Hole Coalescence}",
      collaboration  = "Virgo, LIGO Scientific",
      journal        = "Astrophys. J.",
      volume         = "851",
      year           = "2017",
      number         = "2",
      pages          = "L35",
      doi            = "10.3847/2041-8213/aa9f0c",
      eprint         = "1711.05578",
      archivePrefix  = "arXiv",
      primaryClass   = "astro-ph.HE",
      reportNumber   = "LIGO-DOCUMENT-P170608-V8",
      SLACcitation   = "%%CITATION = ARXIV:1711.05578;%%"
}

@article{Meidam:2014jpa,
      author         = "Meidam, J. and Agathos, M. and Van Den Broeck, C. and
                        Veitch, J. and Sathyaprakash, B. S.",
      title          = "{Testing the no-hair theorem with black hole ringdowns
                        using TIGER}",
      journal        = "Phys. Rev.",
      volume         = "D90",
      year           = "2014",
      number         = "6",
      pages          = "064009",
      doi            = "10.1103/PhysRevD.90.064009",
      eprint         = "1406.3201",
      archivePrefix  = "arXiv",
      primaryClass   = "gr-qc",
      SLACcitation   = "%%CITATION = ARXIV:1406.3201;%%"
}

@article{Gossan:2011ha,
      author         = "Gossan, S. and Veitch, J. and Sathyaprakash, B. S.",
      title          = "{Bayesian model selection for testing the no-hair theorem
                        with black hole ringdowns}",
      journal        = "Phys. Rev.",
      volume         = "D85",
      year           = "2012",
      pages          = "124056",
      doi            = "10.1103/PhysRevD.85.124056",
      eprint         = "1111.5819",
      archivePrefix  = "arXiv",
      primaryClass   = "gr-qc",
      SLACcitation   = "%%CITATION = ARXIV:1111.5819;%%"
}

@article{Dominik:2013tma,
      author         = "Dominik, Michal and Belczynski, Krzysztof and Fryer,
                        Christopher and Holz, Daniel E. and Berti, Emanuele and
                        Bulik, Tomasz and Mandel, Ilya and O'Shaughnessy, Richard",
      title          = "{Double Compact Objects II: Cosmological Merger Rates}",
      journal        = "Astrophys. J.",
      volume         = "779",
      year           = "2013",
      pages          = "72",
      doi            = "10.1088/0004-637X/779/1/72",
      eprint         = "1308.1546",
      archivePrefix  = "arXiv",
      primaryClass   = "astro-ph.HE",
      SLACcitation   = "%%CITATION = ARXIV:1308.1546;%%"
}

@article{Abbott:2016nhf,
      author         = "Abbott, B. P. and others",
      title          = "{The Rate of Binary Black Hole Mergers Inferred from
                        Advanced LIGO Observations Surrounding GW150914}",
      collaboration  = "Virgo, LIGO Scientific",
      journal        = "Astrophys. J.",
      volume         = "833",
      year           = "2016",
      number         = "1",
      pages          = "L1",
      doi            = "10.3847/2041-8205/833/1/L1",
      eprint         = "1602.03842",
      archivePrefix  = "arXiv",
      primaryClass   = "astro-ph.HE",
      reportNumber   = "LIGO-P1500217",
      SLACcitation   = "%%CITATION = ARXIV:1602.03842;%%"
}

@article{Veitch:2009hd,
      author         = "Veitch, J. and Vecchio, A.",
      title          = "{Bayesian coherent analysis of in-spiral gravitational
                        wave signals with a detector network}",
      journal        = "Phys. Rev. D",
      volume         = "81",
      year           = "2010",
      doi            = "10.1103/PhysRevD.81.062003",
      eprint         = "0911.3820",
      archivePrefix  = "arXiv",
      primaryClass   = "astro-ph.CO",
      reportNumber   = "LIGO-P0900117",
      SLACcitation   = "%%CITATION = ARXIV:0911.3820;%%"
}


@article{London:2017bcn,
      author         = "London, Lionel and Khan, Sebastian and Fauchon-Jones,
                        Edward and Forteza, Xisco Jim√©nez and Hannam, Mark and
                        Husa, Sascha and Kalaghatgi, Chinmay and Ohme, Frank and
                        Pannarale, Francesco",
      title          = "{First higher-multipole model of gravitational waves from
                        spinning and coalescing black-hole binaries}",
      year           = "2017",
      eprint         = "1708.00404",
      archivePrefix  = "arXiv",
      primaryClass   = "gr-qc",
      SLACcitation   = "%%CITATION = ARXIV:1708.00404;%%"
}

@article{Vishveshwara:1970zz,
      author         = "Vishveshwara, C. V.",
      title          = "{Scattering of Gravitational Radiation by a Schwarzschild
                        Black-hole}",
      journal        = "Nature",
      volume         = "227",
      year           = "1970",
      pages          = "936-938",
      doi            = "10.1038/227936a0",
      SLACcitation   = "%%CITATION = NATUA,227,936;%%"
}

@article{Press:1971wr,
      author         = "Press, William H.",
      title          = "{Long Wave Trains of Gravitational Waves from a Vibrating
                        Black Hole}",
      journal        = "Astrophys. J.",
      volume         = "170",
      year           = "1971",
      pages          = "L105-L108",
      doi            = "10.1086/180849",
      reportNumber   = "OAP-262",
      SLACcitation   = "%%CITATION = ASJOA,170,L105;%%"
}

@article{Chandrasekhar:1975zza,
      author         = "Chandrasekhar, S. and Detweiler, Steven L.",
      title          = "{The quasi-normal modes of the Schwarzschild black hole}",
      journal        = "Proc. Roy. Soc. Lond.",
      volume         = "A344",
      year           = "1975",
      pages          = "441-452",
      doi            = "10.1098/rspa.1975.0112",
      SLACcitation   = "%%CITATION = PRSLA,A344,441;%%"
}

@article{Dreyer:2003bv,
      author         = "Dreyer, Olaf and Kelly, Bernard J. and Krishnan, Badri
                        and Finn, Lee Samuel and Garrison, David and Lopez-Aleman,
                        Ramon",
      title          = "{Black hole spectroscopy: Testing general relativity
                        through gravitational wave observations}",
      journal        = "Class. Quant. Grav.",
      volume         = "21",
      year           = "2004",
      pages          = "787-804",
      doi            = "10.1088/0264-9381/21/4/003",
      eprint         = "gr-qc/0309007",
      archivePrefix  = "arXiv",
      primaryClass   = "gr-qc",
      SLACcitation   = "%%CITATION = GR-QC/0309007;%%"
}

@article{Carter:1978,
  title = {Axisymmetric Black Hole Has Only Two Degrees of Freedom},
  author = {Carter, B.},
  journal = {Phys. Rev. Lett.},
  volume = {26},
  issue = {6},
  pages = {331--333},
  numpages = {0},
  year = {1971},
  month = {Feb},
  publisher = {American Physical Society},
  doi = {10.1103/PhysRevLett.26.331},
  url = {https://link.aps.org/doi/10.1103/PhysRevLett.26.331}
}


@Article{Israel:1968,
author="Israel, Werner",
title="Event horizons in static electrovac space-times",
journal="Communications in Mathematical Physics",
year="1968",
month="Sep",
day="01",
volume="8",
number="3",
pages="245--260",
abstract="The following theorem is established. Among all static, asymptotically flat electrovac fields with closed, simply-connected equipotential surfacesg0 0=const.. the only ones which have regular event horizonsg0 0=0 are the Reissner-Nordstr{\"o}m family of spherisymmetric solutions withm‚Äö√¢√üG1/2|e|/c. In the special case where the gravitational coupling of the electromagnetic energy density is neglected (G=0) all solutions are computed explicitly, thus extending an earlier result ofGinzburg for a magnetic dipole inSchwarzschild's space-time. Possible implications for gravitational collapse are briefly discussed.",
issn="1432-0916",
doi="10.1007/BF01645859",
url="https://doi.org/10.1007/BF01645859"
}

@article{Israel:1967,
  title = {Event Horizons in Static Vacuum Space-Times},
  author = {Israel, Werner},
  journal = {Phys. Rev.},
  volume = {164},
  issue = {5},
  pages = {1776--1779},
  numpages = {0},
  year = {1967},
  month = {Dec},
  publisher = {American Physical Society},
  doi = {10.1103/PhysRev.164.1776},
  url = {https://link.aps.org/doi/10.1103/PhysRev.164.1776}
}

@article{NewmanPenrose,
author = {E. T. Newman and R. Penrose},
title = {Note on the Bondi-Metzner-Sachs Group},
journal = {Journal of Mathematical Physics},
volume = {7},
number = {5},
pages = {863-870},
year = {1966},
doi = {10.1063/1.1931221},
URL = {https://doi.org/10.1063/1.1931221},
eprint = {https://doi.org/10.1063/1.1931221}
}


@article{advancedLIGO-2015,
  author={J Aasi and others},
  collaboration = {LIGO Scientific Collaboration},
  title={Advanced LIGO},
  journal={Classical and Quantum Gravity},
  volume={32},
  number={7},
  pages={074001},
  url={http://stacks.iop.org/0264-9381/32/i=7/a=074001},
  year={2015}
}

@article{advancedVIRGO-2015,
  author={F Acernese and others},
  title={Advanced Virgo: a second-generation interferometric gravitational wave detector},
  journal={Classical and Quantum Gravity},
  volume={32},
  number={2},
  pages={024001},
  url={http://stacks.iop.org/0264-9381/32/i=2/a=024001},
  year={2015}
}


@article{aLIGOZeroDetHighPower,
  author={D. Shoemaker},
  collaboration = {LIGO Scientific Collaboration},
  title={Advanced LIGO anticipated sensitivity curves},
  journal={LIGO Document T0900288-v3},
  url={https://dcc.ligo.org/LIGO-T0900288/public},
  year={2010},
  }


@article{gw150914,
  title = {Observation of Gravitational Waves from a Binary Black Hole Merger},
  author = {Abbott, B. P. and others},
  collaboration = {LIGO Scientific Collaboration and Virgo Collaboration},
  journal = {Phys. Rev. Lett.},
  volume = {116},
  issue = {6},
  pages = {061102},
  numpages = {16},
  year = {2016},
  month = {Feb},
  publisher = {American Physical Society},
  doi = {10.1103/PhysRevLett.116.061102},
  url = {http://link.aps.org/doi/10.1103/PhysRevLett.116.061102}
}


@article{gw15092014:CBC,
  title = {GW150914: First results from the search for binary black hole coalescence with Advanced LIGO},
  author = {Abbott, B. P. and others},
  collaboration = {LIGO Scientific Collaboration and Virgo Collaboration},
  journal = {Phys. Rev. D},
  volume = {93},
  issue = {12},
  pages = {122003},
  numpages = {21},
  year = {2016},
  month = {Jun},
  publisher = {American Physical Society},
  doi = {10.1103/PhysRevD.93.122003},
  url = {http://link.aps.org/doi/10.1103/PhysRevD.93.122003}
}




@article{gw151226,
  title = {GW151226: Observation of Gravitational Waves from a 22-Solar-Mass Binary Black Hole Coalescence},
  author = {Abbott, B. P. and others},
  collaboration = {LIGO Scientific Collaboration and Virgo Collaboration},
  journal = {Phys. Rev. Lett.},
  volume = {116},
  issue = {24},
  pages = {241103},
  numpages = {14},
  year = {2016},
  month = {Jun},
  publisher = {American Physical Society},
  doi = {10.1103/PhysRevLett.116.241103},
  url = {http://link.aps.org/doi/10.1103/PhysRevLett.116.241103}
}



@article{lvt151012,
  title = {Binary Black Hole Mergers in the First Advanced LIGO Observing Run},
  author = {Abbott, B. P. and others},
  collaboration = {LIGO Scientific Collaboration and Virgo Collaboration},
  journal = {Phys. Rev. X},
  volume = {6},
  issue = {4},
  pages = {041015},
  numpages = {36},
  year = {2016},
  month = {Oct},
  publisher = {American Physical Society},
  doi = {10.1103/PhysRevX.6.041015},
  url = {http://link.aps.org/doi/10.1103/PhysRevX.6.041015}
}


@article{gw170104,
  title = {GW170104: Observation of a 50-Solar-Mass Binary Black Hole Coalescence at Redshift 0.2},
  author = {Abbott, B. P. and others},
  collaboration = {LIGO Scientific and Virgo Collaboration},
  journal = {Phys. Rev. Lett.},
  volume = {118},
  issue = {22},
  pages = {221101},
  numpages = {17},
  year = {2017},
  month = {Jun},
  publisher = {American Physical Society},
  doi = {10.1103/PhysRevLett.118.221101},
  url = {https://link.aps.org/doi/10.1103/PhysRevLett.118.221101}
}


@article{gw170814,
  title = {GW170814: A Three-Detector Observation of Gravitational Waves from a Binary Black Hole Coalescence},
  author = {Abbott, B. P. and others},
  collaboration = {LIGO Scientific Collaboration and Virgo Collaboration},
  journal = {Phys. Rev. Lett.},
  volume = {119},
  issue = {14},
  pages = {141101},
  numpages = {16},
  year = {2017},
  month = {Oct},
  publisher = {American Physical Society},
  doi = {10.1103/PhysRevLett.119.141101},
  url = {https://link.aps.org/doi/10.1103/PhysRevLett.119.141101}
}

@article{gw170817,
  title = {GW170817: Observation of Gravitational Waves from a Binary Neutron Star Inspiral},
  author = {Abbott, B. P. and others},
  collaboration = {LIGO Scientific Collaboration and Virgo Collaboration},
  journal = {Phys. Rev. Lett.},
  volume = {119},
  issue = {16},
  pages = {161101},
  numpages = {18},
  year = {2017},
  month = {Oct},
  publisher = {American Physical Society},
  doi = {10.1103/PhysRevLett.119.161101},
  url = {https://link.aps.org/doi/10.1103/PhysRevLett.119.161101}
}



@article{Mehta:2017jpq,
      author         = "Mehta, Ajit Kumar and Mishra, Chandra Kant and Varma,
                        Vijay and Ajith, Parameswaran",
      title          = "{Accurate inspiral-merger-ringdown gravitational
                        waveforms for nonspinning black-hole binaries including
                        the effect of subdominant modes}",
      journal        = "Phys. Rev.",
      volume         = "D96",
      year           = "2017",
      number         = "12",
      pages          = "124010",
      doi            = "10.1103/PhysRevD.96.124010",
      eprint         = "1708.03501",
      archivePrefix  = "arXiv",
      primaryClass   = "gr-qc",
      reportNumber   = "LIGO-P1700160-V3",
      SLACcitation   = "%%CITATION = ARXIV:1708.03501;%%"
}

@article{Smith:2007jm,
      author         = "Smith, Tristan L. and Erickcek, Adrienne L. and Caldwell,
                        Robert R. and Kamionkowski, Marc",
      title          = "{The Effects of Chern-Simons gravity on bodies orbiting
                        the Earth}",
      journal        = "Phys. Rev.",
      volume         = "D77",
      year           = "2008",
      pages          = "024015",
      doi            = "10.1103/PhysRevD.77.024015",
      eprint         = "0708.0001",
      archivePrefix  = "arXiv",
      primaryClass   = "astro-ph",
      SLACcitation   = "%%CITATION = ARXIV:0708.0001;%%"
}

@article{Yunes:2010yf,
      author         = "Yunes, Nicolas and O'Shaughnessy, Richard and Owen,
                        Benjamin J. and Alexander, Stephon",
      title          = "{Testing gravitational parity violation with coincident
                        gravitational waves and short gamma-ray bursts}",
      journal        = "Phys. Rev.",
      volume         = "D82",
      year           = "2010",
      pages          = "064017",
      doi            = "10.1103/PhysRevD.82.064017",
      eprint         = "1005.3310",
      archivePrefix  = "arXiv",
      primaryClass   = "gr-qc",
      reportNumber   = "IGC-10-5-2",
      SLACcitation   = "%%CITATION = ARXIV:1005.3310;%%"
}

@article{goodman2010ensemble,
  title={Ensemble samplers with affine invariance},
  author={Goodman, Jonathan and Weare, Jonathan},
  journal={Communications in applied mathematics and computational science},
  volume={5},
  number={1},
  pages={65--80},
  year={2010},
  publisher={Mathematical Sciences Publishers}
}

@article{foreman2013emcee,
  title={emcee: the MCMC hammer},
  author={Foreman-Mackey, Daniel and Hogg, David W and Lang, Dustin and Goodman, Jonathan},
  journal={Publications of the Astronomical Society of the Pacific},
  volume={125},
  number={925},
  pages={306},
  year={2013},
  publisher={IOP Publishing}
}


@article{Cotesta:2017xxx,
      author         = "Roberto Cotesta and others", 
      year           = "2017",
			note = "In preparation"
}


Roberto Cotesta et al.


@article{Bustillo:2015ova,
      author         = "Calder√≥n Bustillo, Juan and Boh√©, Alejandro and Husa,
                        Sascha and Sintes, Alicia M. and Hannam, Mark and P√ºrrer,
                        Michael",
      title          = "{Comparison of subdominant gravitational wave harmonics
                        between post-Newtonian and numerical relativity
                        calculations and construction of multi-mode hybrids}",
      year           = "2015",
      eprint         = "1501.00918",
      archivePrefix  = "arXiv",
      primaryClass   = "gr-qc",
      SLACcitation   = "%%CITATION = ARXIV:1501.00918;%%"
}

@ARTICLE{2015arXiv150100918C,
   author = {{Calder{\'o}n Bustillo}, J. and {Boh{\'e}}, A. and {Husa}, S. and 
	{Sintes}, A.~M. and {Hannam}, M. and {P{\"u}rrer}, M.},
    title = "{Comparison of subdominant gravitational wave harmonics between post-Newtonian and numerical relativity calculations and construction of multi-mode hybrids}",
  journal = {ArXiv e-prints},
archivePrefix = "arXiv",
   eprint = {1501.00918},
 primaryClass = "gr-qc",
 keywords = {General Relativity and Quantum Cosmology},
     year = 2015,
    month = jan,
   adsurl = {http://adsabs.harvard.edu/abs/2015arXiv150100918C},
  adsnote = {Provided by the SAO/NASA Astrophysics Data System}
}


@article{Krishnendu:2017shb,
      author         = "Krishnendu, N. V. and Arun, K. G. and Mishra, Chandra
                        Kant",
      title          = "{Testing the binary black hole nature of a compact binary
                        coalescence}",
      year           = "2017",
      eprint         = "1701.06318",
      archivePrefix  = "arXiv",
      primaryClass   = "gr-qc",
      SLACcitation   = "%%CITATION = ARXIV:1701.06318;%%"
}

@article{Mishra:2010tp,
      author         = "Mishra, Chandra Kant and Arun, K. G. and Iyer, Bala R.
                        and Sathyaprakash, B. S.",
      title          = "{Parametrized tests of post-Newtonian theory using
                        Advanced LIGO and Einstein Telescope}",
      journal        = "Phys. Rev.",
      volume         = "D82",
      year           = "2010",
      pages          = "064010",
      doi            = "10.1103/PhysRevD.82.064010",
      eprint         = "1005.0304",
      archivePrefix  = "arXiv",
      primaryClass   = "gr-qc",
      SLACcitation   = "%%CITATION = ARXIV:1005.0304;%%"
}

@article{Arun:2008zn,
      author         = "Arun, K. G. and others",
      title          = "{Massive Black Hole Binary Inspirals: Results from the
                        LISA Parameter Estimation Taskforce}",
      booktitle      = "{Laser Interferometer Space Antenna. Proceedings, 7th
                        international LISA Symposium, Barcelona, Spain, June
                        16-20, 2008}",
      journal        = "Class. Quant. Grav.",
      volume         = "26",
      year           = "2009",
      pages          = "094027",
      doi            = "10.1088/0264-9381/26/9/094027",
      eprint         = "0811.1011",
      archivePrefix  = "arXiv",
      primaryClass   = "gr-qc",
      SLACcitation   = "%%CITATION = ARXIV:0811.1011;%%"
}

@article{Trias:2008pu,
      author         = "Trias, Miquel and Sintes, Alicia M.",
      title          = "{LISA parameter estimation of supermassive black holes}",
      booktitle      = "{Proceedings, 12th Workshop on Gravitational wave data
                        analysis (GWDAW-12): Cambridge, USA, December 13-16,
                        2007}",
      journal        = "Class. Quant. Grav.",
      volume         = "25",
      year           = "2008",
      pages          = "184032",
      doi            = "10.1088/0264-9381/25/18/184032",
      eprint         = "0804.0492",
      archivePrefix  = "arXiv",
      primaryClass   = "gr-qc",
      SLACcitation   = "%%CITATION = ARXIV:0804.0492;%%"
}

@article{Blanchet:1996pi,
      author         = "Blanchet, Luc and Iyer, Bala R. and Will, Clifford M. and
                        Wiseman, Alan G.",
      title          = "{Gravitational wave forms from inspiralling compact
                        binaries to second postNewtonian order}",
      journal        = "Class. Quant. Grav.",
      volume         = "13",
      year           = "1996",
      pages          = "575-584",
      doi            = "10.1088/0264-9381/13/4/002",
      eprint         = "gr-qc/9602024",
      archivePrefix  = "arXiv",
      primaryClass   = "gr-qc",
      SLACcitation   = "%%CITATION = GR-QC/9602024;%%"
}

@article{Kidder:2007rt,
      author         = "Kidder, Lawrence E.",
      title          = "{Using full information when computing modes of
                        post-Newtonian waveforms from inspiralling compact
                        binaries in circular orbit}",
      journal        = "Phys. Rev.",
      volume         = "D77",
      year           = "2008",
      pages          = "044016",
      doi            = "10.1103/PhysRevD.77.044016",
      eprint         = "0710.0614",
      archivePrefix  = "arXiv",
      primaryClass   = "gr-qc",
      SLACcitation   = "%%CITATION = ARXIV:0710.0614;%%"
}

@article{Arun:2004ff,
      author         = "Arun, K. G. and Blanchet, Luc and Iyer, Bala R. and
                        Qusailah, Moh'd S. S.",
      title          = "{The 2.5PN gravitational wave polarisations from
                        inspiralling compact binaries in circular orbits}",
      journal        = "Class. Quant. Grav.",
      volume         = "21",
      year           = "2004",
      pages          = "3771-3802",
      doi            = "10.1088/0264-9381/21/15/010",
      note           = "[Erratum: Class. Quant. Grav.22,3115(2005)]",
      eprint         = "gr-qc/0404085",
      archivePrefix  = "arXiv",
      primaryClass   = "gr-qc",
      SLACcitation   = "%%CITATION = GR-QC/0404085;%%"
}

@article{London:2017aa,
      author         = "Lionel London and others",
      title          = "{First higher-multipole model of spinning binary-black-hole gravitational waveforms}",
      year           = "2017",
      note = "{LIGO-P1700203-v2}"
}

@article{Berti:2009kk,
      author         = "Berti, Emanuele and Cardoso, Vitor and Starinets, Andrei
                        O.",
      title          = "{Quasinormal modes of black holes and black branes}",
      journal        = "Class. Quant. Grav.",
      volume         = "26",
      year           = "2009",
      pages          = "163001",
      doi            = "10.1088/0264-9381/26/16/163001",
      eprint         = "0905.2975",
      archivePrefix  = "arXiv",
      primaryClass   = "gr-qc",
      SLACcitation   = "%%CITATION = ARXIV:0905.2975;%%"
}

@article{Berti:2014fga,
      author         = "Berti, Emanuele and Klein, Antoine",
      title          = "{Mixing of spherical and spheroidal modes in perturbed
                        Kerr black holes}",
      journal        = "Phys. Rev.",
      volume         = "D90",
      year           = "2014",
      number         = "6",
      pages          = "064012",
      doi            = "10.1103/PhysRevD.90.064012",
      eprint         = "1408.1860",
      archivePrefix  = "arXiv",
      primaryClass   = "gr-qc",
      SLACcitation   = "%%CITATION = ARXIV:1408.1860;%%"
}

@article{Varma:2013kna,
      author         = "Varma, Vijay and Fujita, Ryuichi and Choudhary, Ashok and
                        Iyer, Bala R.",
      title          = "{Comparison of post-Newtonian templates for extreme mass
                        ratio inspirals}",
      journal        = "Phys. Rev.",
      volume         = "D88",
      year           = "2013",
      number         = "2",
      pages          = "024038",
      doi            = "10.1103/PhysRevD.88.024038",
      eprint         = "1304.5675",
      archivePrefix  = "arXiv",
      primaryClass   = "gr-qc",
      SLACcitation   = "%%CITATION = ARXIV:1304.5675;%%"
}

@article{Pollney:2010hs,
      author         = "Pollney, Denis and Reisswig, Christian",
      title          = "{Gravitational memory in binary black hole mergers}",
      journal        = "Astrophys. J.",
      volume         = "732",
      year           = "2011",
      pages          = "L13",
      doi            = "10.1088/2041-8205/732/1/L13",
      eprint         = "1004.4209",
      archivePrefix  = "arXiv",
      primaryClass   = "gr-qc",
      SLACcitation   = "%%CITATION = ARXIV:1004.4209;%%"
}

@article{Favata:2010zu,
      author         = "Favata, Marc",
      title          = "{The gravitational-wave memory effect}",
      booktitle      = "{Gravitational waves. Proceedings, 8th Edoardo Amaldi
                        Conference, Amaldi 8, New York, USA, June 22-26, 2009}",
      journal        = "Class. Quant. Grav.",
      volume         = "27",
      year           = "2010",
      pages          = "084036",
      doi            = "10.1088/0264-9381/27/8/084036",
      eprint         = "1003.3486",
      archivePrefix  = "arXiv",
      primaryClass   = "gr-qc",
      SLACcitation   = "%%CITATION = ARXIV:1003.3486;%%"
}

@article{OShaughnessy:2017tak,
      author         = "O'Shaughnessy, Richard and Blackman, Jonathan and Field,
                        Scott E.",
      title          = "{An architecture for efficient gravitational wave
                        parameter estimation with multimodal linear surrogate
                        models}",
      year           = "2017",
      eprint         = "1701.01137",
      archivePrefix  = "arXiv",
      primaryClass   = "gr-qc",
      reportNumber   = "LIGO-P1600309",
      SLACcitation   = "%%CITATION = ARXIV:1701.01137;%%"
}

@article{Lange:2017wki,
      author         = "Lange, Jacob and others",
      title          = "{A Parameter Estimation Method that Directly Compares
                        Gravitational Wave Observations to Numerical Relativity}",
      year           = "2017",
      eprint         = "1705.09833",
      archivePrefix  = "arXiv",
      primaryClass   = "gr-qc",
      SLACcitation   = "%%CITATION = ARXIV:1705.09833;%%"
}

@article{Graff:2015bba,
      author         = "Graff, Philip B. and Buonanno, Alessandra and
                        Sathyaprakash, B. S.",
      title          = "{Missing Link: Bayesian detection and measurement of
                        intermediate-mass black-hole binaries}",
      journal        = "Phys. Rev.",
      volume         = "D92",
      year           = "2015",
      number         = "2",
      pages          = "022002",
      doi            = "10.1103/PhysRevD.92.022002",
      eprint         = "1504.04766",
      archivePrefix  = "arXiv",
      primaryClass   = "gr-qc",
      SLACcitation   = "%%CITATION = ARXIV:1504.04766;%%"
}
@article{Pan:2013rra,
      author         = "Pan, Yi and Buonanno, Alessandra and Taracchini, Andrea
                        and Kidder, Lawrence E. and Mrou√©, Abdul H. and Pfeiffer,
                        Harald P. and Scheel, Mark A. and Szil√°gyi, B√©la",
      title          = "{Inspiral-merger-ringdown waveforms of spinning,
                        precessing black-hole binaries in the effective-one-body
                        formalism}",
      journal        = "Phys. Rev.",
      volume         = "D89",
      year           = "2014",
      number         = "8",
      pages          = "084006",
      doi            = "10.1103/PhysRevD.89.084006",
      eprint         = "1307.6232",
      archivePrefix  = "arXiv",
      primaryClass   = "gr-qc",
      SLACcitation   = "%%CITATION = ARXIV:1307.6232;%%"
}
@article{Damour:2012ky,
      author         = "Damour, Thibault and Nagar, Alessandro and Bernuzzi,
                        Sebastiano",
      title          = "{Improved effective-one-body description of coalescing
                        nonspinning black-hole binaries and its
                        numerical-relativity completion}",
      journal        = "Phys. Rev.",
      volume         = "D87",
      year           = "2013",
      number         = "8",
      pages          = "084035",
      doi            = "10.1103/PhysRevD.87.084035",
      eprint         = "1212.4357",
      archivePrefix  = "arXiv",
      primaryClass   = "gr-qc",
      SLACcitation   = "%%CITATION = ARXIV:1212.4357;%%"
}

@article{Pan:2010hz,
      author         = "Pan, Yi and Buonanno, Alessandra and Fujita, Ryuichi and
                        Racine, Etienne and Tagoshi, Hideyuki",
      title          = "{Post-Newtonian factorized multipolar waveforms for
                        spinning, non-precessing black-hole binaries}",
      journal        = "Phys. Rev.",
      volume         = "D83",
      year           = "2011",
      pages          = "064003",
      doi            = "10.1103/PhysRevD.83.064003, 10.1103/PhysRevD.87.109901",
      note           = "[Erratum: Phys. Rev.D87,no.10,109901(2013)]",
      eprint         = "1006.0431",
      archivePrefix  = "arXiv",
      primaryClass   = "gr-qc",
      SLACcitation   = "%%CITATION = ARXIV:1006.0431;%%"
}

@article{Damour:2008gu,
      author         = "Damour, Thibault and Iyer, Bala R. and Nagar, Alessandro",
      title          = "{Improved resummation of post-Newtonian multipolar
                        waveforms from circularized compact binaries}",
      journal        = "Phys. Rev.",
      volume         = "D79",
      year           = "2009",
      pages          = "064004",
      doi            = "10.1103/PhysRevD.79.064004",
      eprint         = "0811.2069",
      archivePrefix  = "arXiv",
      primaryClass   = "gr-qc",
      SLACcitation   = "%%CITATION = ARXIV:0811.2069;%%"
}

@article{Hannam:2013oca,
      author         = "Hannam, Mark and Schmidt, Patricia and Boh√©, Alejandro
                        and Haegel, Le√Øla and Husa, Sascha and Ohme, Frank and
                        Pratten, Geraint and P√ºrrer, Michael",
      title          = "{Simple Model of Complete Precessing Black-Hole-Binary
                        Gravitational Waveforms}",
      journal        = "Phys. Rev. Lett.",
      volume         = "113",
      year           = "2014",
      number         = "15",
      pages          = "151101",
      doi            = "10.1103/PhysRevLett.113.151101",
      eprint         = "1308.3271",
      archivePrefix  = "arXiv",
      primaryClass   = "gr-qc",
      SLACcitation   = "%%CITATION = ARXIV:1308.3271;%%"
}

@article{Taracchini:2013rva,
      author         = "Taracchini, Andrea and others",
      title          = "{Effective-one-body model for black-hole binaries with
                        generic mass ratios and spins}",
      journal        = "Phys. Rev.",
      volume         = "D89",
      year           = "2014",
      number         = "6",
      pages          = "061502",
      doi            = "10.1103/PhysRevD.89.061502",
      eprint         = "1311.2544",
      archivePrefix  = "arXiv",
      primaryClass   = "gr-qc",
      SLACcitation   = "%%CITATION = ARXIV:1311.2544;%%"
}

@article{Buonanno:2000ef,
      author         = "Buonanno, Alessandra and Damour, Thibault",
      title          = "{Transition from inspiral to plunge in binary black hole
                        coalescences}",
      journal        = "Phys. Rev.",
      volume         = "D62",
      year           = "2000",
      pages          = "064015",
      doi            = "10.1103/PhysRevD.62.064015",
      eprint         = "gr-qc/0001013",
      archivePrefix  = "arXiv",
      primaryClass   = "gr-qc",
      reportNumber   = "IHES-P-99-90, GRP-99-521",
      SLACcitation   = "%%CITATION = GR-QC/0001013;%%"
}

@article{Buonanno:1998gg,
      author         = "Buonanno, A. and Damour, T.",
      title          = "{Effective one-body approach to general relativistic
                        two-body dynamics}",
      journal        = "Phys. Rev.",
      volume         = "D59",
      year           = "1999",
      pages          = "084006",
      doi            = "10.1103/PhysRevD.59.084006",
      eprint         = "gr-qc/9811091",
      archivePrefix  = "arXiv",
      primaryClass   = "gr-qc",
      reportNumber   = "IHES-P-98-74",
      SLACcitation   = "%%CITATION = GR-QC/9811091;%%"
}

@article{Bohe:2016gbl,
      author         = "Boh√©, Alejandro and others",
      title          = "{Improved effective-one-body model of spinning,
                        nonprecessing binary black holes for the era of
                        gravitational-wave astrophysics with advanced detectors}",
      journal        = "Phys. Rev.",
      volume         = "D95",
      year           = "2017",
      number         = "4",
      pages          = "044028",
      doi            = "10.1103/PhysRevD.95.044028",
      eprint         = "1611.03703",
      archivePrefix  = "arXiv",
      primaryClass   = "gr-qc",
      reportNumber   = "LIGO-P1600315",
      SLACcitation   = "%%CITATION = ARXIV:1611.03703;%%"
}

@ARTICLE{2017PhRvD..95d2001M,
   author = {{Messick}, C. and {Blackburn}, K. and {Brady}, P. and {Brockill}, P. and 
	{Cannon}, K. and {Cariou}, R. and {Caudill}, S. and {Chamberlin}, S.~J. and 
	{Creighton}, J.~D.~E. and {Everett}, R. and {Hanna}, C. and 
	{Keppel}, D. and {Lang}, R.~N. and {Li}, T.~G.~F. and {Meacher}, D. and 
	{Nielsen}, A. and {Pankow}, C. and {Privitera}, S. and {Qi}, H. and 
	{Sachdev}, S. and {Sadeghian}, L. and {Singer}, L. and {Thomas}, E.~G. and 
	{Wade}, L. and {Wade}, M. and {Weinstein}, A. and {Wiesner}, K.
	},
    title = "{Analysis framework for the prompt discovery of compact binary mergers in gravitational-wave data}",
  journal = {\prd},
archivePrefix = "arXiv",
   eprint = {1604.04324},
 primaryClass = "astro-ph.IM",
     year = 2017,
    month = feb,
   volume = 95,
   number = 4,
      eid = {042001},
    pages = {042001},
      doi = {10.1103/PhysRevD.95.042001},
   adsurl = {http://adsabs.harvard.edu/abs/2017PhRvD..95d2001M},
  adsnote = {Provided by the SAO/NASA Astrophysics Data System}
}

@article{Wiaux:2005fm,
      author         = "Wiaux, Yves and Jacques, L. and Vandergheynst, P.",
      title          = "{Fast spin +-2 spherical harmonics transforms}",
      journal        = "J. Comput. Phys.",
      volume         = "226",
      year           = "2007",
      pages          = "2359-2371",
      doi            = "10.1016/j.jcp.2007.07.005",
      eprint         = "astro-ph/0508514",
      archivePrefix  = "arXiv",
      primaryClass   = "astro-ph",
      reportNumber   = "EPFL-ITS-02-2005",
      SLACcitation   = "%%CITATION = ASTRO-PH/0508514;%%"
}

@article{PhysRevLett.118.221101,
  title = {GW170104: Observation of a 50-Solar-Mass Binary Black Hole Coalescence at Redshift 0.2},
  author = {Abbott, B. P. and others},
  collaboration = {LIGO Scientific and Virgo Collaboration},
  journal = {Phys. Rev. Lett.},
  volume = {118},
  issue = {22},
  pages = {221101},
  numpages = {17},
  year = {2017},
  month = {Jun},
  publisher = {American Physical Society},
  doi = {10.1103/PhysRevLett.118.221101},
  url = {https://link.aps.org/doi/10.1103/PhysRevLett.118.221101}
}


@inproceedings{Sintes:1999cg,
      author         = "Sintes, Alicia M. and Vecchio, Alberto",
      title          = "{Detection of gravitational waves from inspiraling
                        compact binaries using nonrestricted postNewtonian
                        approximations}",
      booktitle      = "{Proceedings, 34th Rencontres de Moriond gravitational
                        waves and experimental gravity: Les Arcs, France, Jan
                        23-30, 1999}",
      year           = "2000",
      url            = "http://alice.cern.ch/format/showfull?sysnb=2187848",
      pages          = "73-78",
      eprint         = "gr-qc/0005058",
      archivePrefix  = "arXiv",
      primaryClass   = "gr-qc",
      SLACcitation   = "%%CITATION = GR-QC/0005058;%%"
}

@article{Arun:2007qv,
      author         = "Arun, K. G. and Iyer, Bala R. and Sathyaprakash, B. S.
                        and Sinha, Siddhartha",
      title          = "{Higher harmonics increase LISA's mass reach for
                        supermassive black holes}",
      journal        = "Phys. Rev.",
      volume         = "D75",
      year           = "2007",
      pages          = "124002",
      doi            = "10.1103/PhysRevD.75.124002",
      eprint         = "0704.1086",
      archivePrefix  = "arXiv",
      primaryClass   = "gr-qc",
      SLACcitation   = "%%CITATION = ARXIV:0704.1086;%%"
}

@article{Varma:2016dnf,
      author         = "Varma, Vijay and Ajith, Parameswaran",
      title          = "{Effects of non-quadrupole modes in the detection and
                        parameter estimation of black hole binaries with
                        nonprecessing spins}",
      year           = "2016",
      eprint         = "1612.05608",
      archivePrefix  = "arXiv",
      primaryClass   = "gr-qc",
      SLACcitation   = "%%CITATION = ARXIV:1612.05608;%%"
}

@article{Abbott:2016wiq,
      author         = "Abbott, Benjamin P. and others",
      title          = "{Effects of waveform model systematics on the
                        interpretation of GW150914}",
      collaboration  = "Virgo, LIGO Scientific",
      journal        = "Class. Quant. Grav.",
      volume         = "34",
      year           = "2017",
      number         = "10",
      pages          = "104002",
      doi            = "10.1088/1361-6382/aa6854",
      eprint         = "1611.07531",
      archivePrefix  = "arXiv",
      primaryClass   = "gr-qc",
      reportNumber   = "P1500259",
      SLACcitation   = "%%CITATION = ARXIV:1611.07531;%%"
}

@article{Vitale:2016aso,
      author         = "Vitale, Salvatore",
      title          = "{Three observational differences for binary black holes
                        detections with second and third generation
                        gravitational-wave detectors}",
      journal        = "Phys. Rev.",
      volume         = "D94",
      year           = "2016",
      number         = "12",
      pages          = "121501",
      doi            = "10.1103/PhysRevD.94.121501",
      eprint         = "1610.06914",
      archivePrefix  = "arXiv",
      primaryClass   = "gr-qc",
      SLACcitation   = "%%CITATION = ARXIV:1610.06914;%%"
}

@article{Hannam:2010ky,
      author         = "Hannam, Mark and Husa, Sascha and Ohme, Frank and Ajith,
                        P.",
      title          = "{Length requirements for numerical-relativity waveforms}",
      journal        = "Phys. Rev.",
      volume         = "D82",
      year           = "2010",
      pages          = "124052",
      doi            = "10.1103/PhysRevD.82.124052",
      eprint         = "1008.2961",
      archivePrefix  = "arXiv",
      primaryClass   = "gr-qc",
      SLACcitation   = "%%CITATION = ARXIV:1008.2961;%%"
}

@article{Allen:2005fk,
      author         = "Allen, Bruce and Anderson, Warren G. and Brady, Patrick
                        R. and Brown, Duncan A. and Creighton, Jolien D. E.",
      title          = "{FINDCHIRP: An Algorithm for detection of gravitational
                        waves from inspiraling compact binaries}",
      journal        = "Phys. Rev.",
      volume         = "D85",
      year           = "2012",
      pages          = "122006",
      doi            = "10.1103/PhysRevD.85.122006",
      eprint         = "gr-qc/0509116",
      archivePrefix  = "arXiv",
      primaryClass   = "gr-qc",
      SLACcitation   = "%%CITATION = GR-QC/0509116;%%"
}

@article{PhysRevD.89.061502,
  title = {Effective-one-body model for black-hole binaries with generic mass ratios and spins},
  author = {Taracchini, Andrea and Buonanno, Alessandra and Pan, Yi and Hinderer, Tanja and Boyle, Michael and Hemberger, Daniel A. and Kidder, Lawrence E. and Lovelace, Geoffrey and Mrou\'e, Abdul H. and Pfeiffer, Harald P. and Scheel, Mark A. and Szil\'agyi, B\'ela and Taylor, Nicholas W. and Zenginoglu, Anil},
  journal = {Phys. Rev. D},
  volume = {89},
  issue = {6},
  pages = {061502},
  numpages = {6},
  year = {2014},
  month = {Mar},
  publisher = {American Physical Society},
  doi = {10.1103/PhysRevD.89.061502},
  url = {http://link.aps.org/doi/10.1103/PhysRevD.89.061502}
}


@article{Buonanno:2012rv,
      author         = "Buonanno, Alessandra and Faye, Guillaume and Hinderer,
                        Tanja",
      title          = "{Spin effects on gravitational waves from inspiraling
                        compact binaries at second post-Newtonian order}",
      journal        = "Phys. Rev.",
      volume         = "D87",
      year           = "2013",
      number         = "4",
      pages          = "044009",
      doi            = "10.1103/PhysRevD.87.044009",
      eprint         = "1209.6349",
      archivePrefix  = "arXiv",
      primaryClass   = "gr-qc",
      SLACcitation   = "%%CITATION = ARXIV:1209.6349;%%"
}

@article{Abbott:2016apu,
      author         = "Abbott, B. P. and others",
      title          = "{Directly comparing GW150914 with numerical solutions of
                        Einstein's equations for binary black hole coalescence}",
      collaboration  = "Virgo, LIGO Scientific",
      journal        = "Phys. Rev. D",
      volume         = "94",
      year           = "2016",
      pages          = "064035",
      doi            = "10.1103/PhysRevD.94.064035",
      eprint         = "1606.01262",
      archivePrefix  = "arXiv",
      primaryClass   = "gr-qc",
      reportNumber   = "LIGO-P1500263",
      SLACcitation   = "%%CITATION = ARXIV:1606.01262;%%"
}

@article{Klimenko:2015ypf,
      author         = "Klimenko, S. and others",
      title          = "{Method for detection and reconstruction of gravitational
                        wave transients with networks of advanced detectors}",
      journal        = "Phys. Rev.",
      volume         = "D93",
      year           = "2016",
      number         = "4",
      pages          = "042004",
      doi            = "10.1103/PhysRevD.93.042004",
      eprint         = "1511.05999",
      archivePrefix  = "arXiv",
      primaryClass   = "gr-qc",
      SLACcitation   = "%%CITATION = ARXIV:1511.05999;%%"
}

  	
@article{0264-9381-25-11-114029,
  author={S Klimenko and I Yakushin and A Mercer and G Mitselmakher},
  title={A coherent method for detection of gravitational wave bursts},
  journal={Classical and Quantum Gravity},
  volume={25},
  number={11},
  pages={114029},
  url={http://stacks.iop.org/0264-9381/25/i=11/a=114029},
  year={2008},
}
	

@article{Cho:2012ed,
      author         = "Cho, Hee-Suk and Ochsner, Evan and O'Shaughnessy, Richard
                        and Kim, Chunglee and Lee, Chang-Hwan",
      title          = "{Gravitational waves from BH-NS binaries: Effective
                        Fisher matrices and parameter estimation using higher
                        harmonics}",
      journal        = "Phys.Rev.",
      volume         = "D87",
      pages          = "024004",
      doi            = "10.1103/PhysRevD.87.024004",
      year           = "2013",
      eprint         = "1209.4494",
      archivePrefix  = "arXiv",
      primaryClass   = "gr-qc",
      SLACcitation   = "%%CITATION = ARXIV:1209.4494;%%",
}

@article{O'Shaughnessy:2013vma,
      author         = "O'Shaughnessy, R. and Farr, B. and Ochsner, E. and Cho,
                        Hee-Suk and Kim, C. and others",
      title          = "{Parameter Estimation of Gravitational Waves from
                        Nonprecessing BH-NS Inspirals with higher harmonics:
                        Comparing MCMC posteriors to an Effective Fisher Matrix}",
      journal        = "Phys.Rev.",
      volume         = "D89",
      pages          = "064048",
      doi            = "10.1103/PhysRevD.89.064048",
      year           = "2014",
      eprint         = "1308.4704",
      archivePrefix  = "arXiv",
      primaryClass   = "gr-qc",
      reportNumber   = "LIGO-DCC-P1300110",
      SLACcitation   = "%%CITATION = ARXIV:1308.4704;%%",
}

@article{Blanchet:2008je,
      author         = "Blanchet, Luc and Faye, Guillaume and Iyer, Bala R. and
                        Sinha, Siddhartha",
      title          = "{The Third post-Newtonian gravitational wave
                        polarisations and associated spherical harmonic modes for
                        inspiralling compact binaries in quasi-circular orbits}",
      journal        = "Class.Quant.Grav.",
      volume         = "25",
      pages          = "165003",
      doi            = "10.1088/0264-9381/25/16/165003,
                        10.1088/0264-9381/29/23/239501",
      year           = "2008",
      eprint         = "0802.1249",
      archivePrefix  = "arXiv",
      primaryClass   = "gr-qc",
      SLACcitation   = "%%CITATION = ARXIV:0802.1249;%%",
}

@article{Faye:2012we,
		author	= "Faye, Guillaume and Marsat, Sylvain and Blanchet, Luc and 
				Iyer, Bala R.",
		title = "{The third and a half post-Newtonian gravitational wave 
				quadrupole mode for quasi-circular inspiralling compact binaries}",
		journal = "Class. Quant. Grav.",
		volume         = "29",
		year           = "2012",
		pages          = "175004",
		doi            = "10.1088/0264-9381/29/17/175004",
		eprint         = "1204.1043",
		archivePrefix  = "arXiv",
		primaryClass   = "gr-qc",
		SLACcitation   = "%%CITATION = ARXIV:1204.1043;%%"
}


@misc{lvc-whitepaper-2014-2015,
      title = "The {LSC}-{V}irgo White Paper on Gravitational Wave Searches and Astrophysics",
	  author = "{LIGO Scientific Collaboration and Virgo Collaboration}",
      note = "{LIGO} Document Number LIGO-T1400054-v6"
}



@article{Pretorius:2004jg,
      author         = "Pretorius, Frans",
      title          = "{Numerical relativity using a generalized harmonic
                        decomposition}",
      journal        = "Class.Quant.Grav.",
      volume         = "22",
      pages          = "425-452",
      doi            = "10.1088/0264-9381/22/2/014",
      year           = "2005",
      eprint         = "gr-qc/0407110",
      archivePrefix  = "arXiv",
      primaryClass   = "gr-qc",
      SLACcitation   = "%%CITATION = GR-QC/0407110;%%",
}

@article{Garfinkle:2001ni,
      author         = "Garfinkle, David",
      title          = "{Harmonic coordinate method for simulating generic
                        singularities}",
      journal        = "Phys.Rev.",
      volume         = "D65",
      pages          = "044029",
      doi            = "10.1103/PhysRevD.65.044029",
      year           = "2002",
      eprint         = "gr-qc/0110013",
      archivePrefix  = "arXiv",
      primaryClass   = "gr-qc",
      SLACcitation   = "%%CITATION = GR-QC/0110013;%%",
}

@article{Cook:2004kt,
      author         = "Cook, Gregory B. and Pfeiffer, Harald P.",
      title          = "{Excision boundary conditions for black hole initial
                        data}",
      journal        = "Phys.Rev.",
      volume         = "D70",
      pages          = "104016",
      doi            = "10.1103/PhysRevD.70.104016",
      year           = "2004",
      eprint         = "gr-qc/0407078",
      archivePrefix  = "arXiv",
      primaryClass   = "gr-qc",
      SLACcitation   = "%%CITATION = GR-QC/0407078;%%",
}

@article{Caudill:2006hw,
      author         = "Caudill, Matthew and Cook, Gregory B. and Grigsby, Jason
                        D. and Pfeiffer, Harald P.",
      title          = "{Circular orbits and spin in black-hole initial data}",
      journal        = "Phys.Rev.",
      volume         = "D74",
      pages          = "064011",
      doi            = "10.1103/PhysRevD.74.064011",
      year           = "2006",
      eprint         = "gr-qc/0605053",
      archivePrefix  = "arXiv",
      primaryClass   = "gr-qc",
      SLACcitation   = "%%CITATION = GR-QC/0605053;%%",
}

@article{Pfeiffer:2007yz,
      author         = "Pfeiffer, Harald P. and Brown, Duncan A. and Kidder,
                        Lawrence E. and Lindblom, Lee and Lovelace, Geoffrey and
                        others",
      title          = "{Reducing orbital eccentricity in binary black hole
                        simulations}",
      journal        = "Class.Quant.Grav.",
      volume         = "24",
      pages          = "S59-S82",
      doi            = "10.1088/0264-9381/24/12/S06",
      year           = "2007",
      eprint         = "gr-qc/0702106",
      archivePrefix  = "arXiv",
      primaryClass   = "gr-qc",
      SLACcitation   = "%%CITATION = GR-QC/0702106;%%",
}

@article{Lovelace:2008tw,
      author         = "Lovelace, Geoffrey and Owen, Robert and Pfeiffer, Harald
                        P. and Chu, Tony",
      title          = "{Binary-black-hole initial data with nearly-extremal
                        spins}",
      journal        = "Phys.Rev.",
      volume         = "D78",
      pages          = "084017",
      doi            = "10.1103/PhysRevD.78.084017",
      year           = "2008",
      eprint         = "0805.4192",
      archivePrefix  = "arXiv",
      primaryClass   = "gr-qc",
      SLACcitation   = "%%CITATION = ARXIV:0805.4192;%%",
}

@article{Pfeiffer:2002wt,
      author         = "Pfeiffer, Harald P. and Kidder, Lawrence E. and Scheel,
                        Mark A. and Teukolsky, Saul A.",
      title          = "{A Multidomain spectral method for solving elliptic
                        equations}",
      journal        = "Comput.Phys.Commun.",
      volume         = "152",
      pages          = "253-273",
      doi            = "10.1016/S0010-4655(02)00847-0",
      year           = "2003",
      eprint         = "gr-qc/0202096",
      archivePrefix  = "arXiv",
      primaryClass   = "gr-qc",
      SLACcitation   = "%%CITATION = GR-QC/0202096;%%",
}

@article{Lindblom:2005qh,
      author         = "Lindblom, Lee and Scheel, Mark A. and Kidder, Lawrence E.
                        and Owen, Robert and Rinne, Oliver",
      title          = "{A New generalized harmonic evolution system}",
      journal        = "Class.Quant.Grav.",
      volume         = "23",
      pages          = "S447-S462",
      doi            = "10.1088/0264-9381/23/16/S09",
      year           = "2006",
      eprint         = "gr-qc/0512093",
      archivePrefix  = "arXiv",
      primaryClass   = "gr-qc",
      SLACcitation   = "%%CITATION = GR-QC/0512093;%%",
}

@article{Scheel:2006gg,
      author         = "Scheel, Mark A. and Pfeiffer, Harald P. and Lindblom, Lee
                        and Kidder, Lawrence E. and Rinne, Oliver and others",
      title          = "{Solving Einstein's equations with dual coordinate
                        frames}",
      journal        = "Phys.Rev.",
      volume         = "D74",
      pages          = "104006",
      doi            = "10.1103/PhysRevD.74.104006",
      year           = "2006",
      eprint         = "gr-qc/0607056",
      archivePrefix  = "arXiv",
      primaryClass   = "gr-qc",
      SLACcitation   = "%%CITATION = GR-QC/0607056;%%",
}

@article{Scheel:2008rj,
      author         = "Scheel, Mark A. and Boyle, Michael and Chu, Tony and
                        Kidder, Lawrence E. and Matthews, Keith D. and others",
      title          = "{High-accuracy waveforms for binary black hole inspiral,
                        merger, and ringdown}",
      journal        = "Phys.Rev.",
      volume         = "D79",
      pages          = "024003",
      doi            = "10.1103/PhysRevD.79.024003",
      year           = "2009",
      eprint         = "0810.1767",
      archivePrefix  = "arXiv",
      primaryClass   = "gr-qc",
      SLACcitation   = "%%CITATION = ARXIV:0810.1767;%%",
}

@article{Boyle:2009vi,
      author         = "Boyle, Michael and Mroue, Abdul H.",
      title          = "{Extrapolating gravitational-wave data from numerical
                        simulations}",
      journal        = "Phys.Rev.",
      volume         = "D80",
      pages          = "124045",
      doi            = "10.1103/PhysRevD.80.124045",
      year           = "2009",
      eprint         = "0905.3177",
      archivePrefix  = "arXiv",
      primaryClass   = "gr-qc",
      SLACcitation   = "%%CITATION = ARXIV:0905.3177;%%",
}

@article{Szilagyi:2009qz,
      author         = "Szilagyi, Bela and Lindblom, Lee and Scheel, Mark A.",
      title          = "{Simulations of Binary Black Hole Mergers Using Spectral
                        Methods}",
      journal        = "Phys.Rev.",
      volume         = "D80",
      pages          = "124010",
      doi            = "10.1103/PhysRevD.80.124010",
      year           = "2009",
      eprint         = "0909.3557",
      archivePrefix  = "arXiv",
      primaryClass   = "gr-qc",
      SLACcitation   = "%%CITATION = ARXIV:0909.3557;%%",
}

@article{Hemberger:2012jz,
      author         = "Hemberger, Daniel A. and Scheel, Mark A. and Kidder,
                        Lawrence E. and Szilagyi, Bela and Lovelace, Geoffrey and
                        others",
      title          = "{Dynamical Excision Boundaries in Spectral Evolutions of
                        Binary Black Hole Spacetimes}",
      journal        = "Class.Quant.Grav.",
      volume         = "30",
      pages          = "115001",
      doi            = "10.1088/0264-9381/30/11/115001",
      year           = "2013",
      eprint         = "1211.6079",
      archivePrefix  = "arXiv",
      primaryClass   = "gr-qc",
      SLACcitation   = "%%CITATION = ARXIV:1211.6079;%%",
}

@article{Ossokine:2013zga,
      author         = "Ossokine, Serguei and Kidder, Lawrence E. and Pfeiffer,
                        Harald P.",
      title          = "{Precession-tracking coordinates for simulations of
                        compact-object-binaries}",
      journal        = "Phys.Rev.",
      volume         = "D88",
      pages          = "084031",
      doi            = "10.1103/PhysRevD.88.084031",
      year           = "2013",
      eprint         = "1304.3067",
      archivePrefix  = "arXiv",
      primaryClass   = "gr-qc",
      SLACcitation   = "%%CITATION = ARXIV:1304.3067;%%",
}

@article{Littenberg:2012uj,
      author         = "Littenberg, Tyson B. and Baker, John G. and Buonanno,
                        Alessandra and Kelly, Bernard J.",
      title          = "{Systematic biases in parameter estimation of binary
                        black-hole mergers}",
      journal        = "Phys.Rev.",
      volume         = "D87",
      pages          = "104003",
      doi            = "10.1103/PhysRevD.87.104003",
      year           = "2013",
      eprint         = "1210.0893",
      archivePrefix  = "arXiv",
      primaryClass   = "gr-qc",
      SLACcitation   = "%%CITATION = ARXIV:1210.0893;%%",
}

@article{Purrer:2012wy,
      author         = "P{\"u}rrer, Michael and Husa, Sascha and Hannam, Mark",
      title          = "{An Efficient iterative method to reduce eccentricity in
                        numerical-relativity simulations of compact binary
                        inspiral}",
      journal        = "Phys.Rev.",
      volume         = "D85",
      pages          = "124051",
      doi            = "10.1103/PhysRevD.85.124051",
      year           = "2012",
      eprint         = "1203.4258",
      archivePrefix  = "arXiv",
      primaryClass   = "gr-qc",
      SLACcitation   = "%%CITATION = ARXIV:1203.4258;%%",
}

@article{Arun:2007hu,
      author         = "Arun, K.G. and Iyer, Bala R. and Sathyaprakash, B.S. and
                        Sinha, Siddhartha and Broeck, Chris Van Den",
      title          = "{Higher signal harmonics, LISA's angular resolution and
                        dark energy}",
      journal        = "Phys.Rev.",
      volume         = "D76",
      pages          = "104016",
      doi            = "10.1103/PhysRevD.76.129903, 10.1103/PhysRevD.76.104016",
      year           = "2007",
      eprint         = "0707.3920",
      archivePrefix  = "arXiv",
      primaryClass   = "astro-ph",
      SLACcitation   = "%%CITATION = ARXIV:0707.3920;%%",
}

@article{Arun:2008xf,
      author         = "Arun, K.G. and Mishra, Chandrakant and Broeck, Chris Van
                        Den and Iyer, B.R. and Sathyaprakash, B.S. and others",
      title          = "{LISA as a dark energy probe}",
      journal        = "Class.Quant.Grav.",
      volume         = "26",
      pages          = "094021",
      doi            = "10.1088/0264-9381/26/9/094021",
      year           = "2009",
      eprint         = "0810.5727",
      archivePrefix  = "arXiv",
      primaryClass   = "gr-qc",
      SLACcitation   = "%%CITATION = ARXIV:0810.5727;%%",
}

@article{VanDenBroeck:2006qu,
      author         = "Van Den Broeck, Chris and Sengupta, Anand S.",
      title          = "{Phenomenology of amplitude-corrected post-Newtonian
                        gravitational waveforms for compact binary inspiral. I.
                        Signal-to-noise ratios}",
      journal        = "Class.Quant.Grav.",
      volume         = "24",
      pages          = "155-176",
      doi            = "10.1088/0264-9381/24/1/009",
      year           = "2007",
      eprint         = "gr-qc/0607092",
      archivePrefix  = "arXiv",
      primaryClass   = "gr-qc",
      SLACcitation   = "%%CITATION = GR-QC/0607092;%%",
}

@article{Aasi:2012rja,
      author         = "Aasi, J. and others",
      title          = "{Search for Gravitational Waves from Binary Black Hole
                        Inspiral, Merger and Ringdown in LIGO-Virgo Data from
                        2009-2010}",
      collaboration  = "LIGO Scientific Collaboration, Virgo Collaboration",
      journal        = "Phys.Rev.",
      volume         = "D87",
      pages          = "022002",
      doi            = "10.1103/PhysRevD.87.022002",
      year           = "2013",
      eprint         = "1209.6533",
      archivePrefix  = "arXiv",
      primaryClass   = "gr-qc",
      reportNumber   = "LIGO-P1200024-V14, LIGO-P1200024",
      SLACcitation   = "%%CITATION = ARXIV:1209.6533;%%",
}

@article{Abadie:2011kd,
      author         = "Abadie, J. and others",
      title          = "{Search for gravitational waves from binary black hole
                        inspiral, merger and ringdown}",
      collaboration  = "LIGO Scientific Collaboration, Virgo Collaboration",
      journal        = "Phys.Rev.",
      volume         = "D83",
      pages          = "122005",
      doi            = "10.1103/PhysRevD.86.069903, 10.1103/PhysRevD.85.089904,
                        10.1103/PhysRevD.83.122005",
      year           = "2011",
      eprint         = "1102.3781",
      archivePrefix  = "arXiv",
      primaryClass   = "gr-qc",
      SLACcitation   = "%%CITATION = ARXIV:1102.3781;%%",
}

@article{Vallisneri:2007ev,
      author         = "Vallisneri, Michele",
      title          = "{Use and abuse of the Fisher information matrix in the
                        assessment of gravitational-wave parameter-estimation
                        prospects}",
      journal        = "Phys.Rev.",
      volume         = "D77",
      pages          = "042001",
      doi            = "10.1103/PhysRevD.77.042001",
      year           = "2008",
      eprint         = "gr-qc/0703086",
      archivePrefix  = "arXiv",
      primaryClass   = "GR-QC",
      reportNumber   = "LIGO-P070009-00-Z",
      SLACcitation   = "%%CITATION = GR-QC/0703086;%%",
}

@article{Pan:2011gk,
      author         = "Pan, Yi and Buonanno, Alessandra and Boyle, Michael and
                        Buchman, Luisa T. and Kidder, Lawrence E. and others",
      title          = "{Inspiral-merger-ringdown multipolar waveforms of
                        nonspinning black-hole binaries using the
                        effective-one-body formalism}",
      journal        = "Phys. Rev. D",
      volume         = "84",
      pages          = "124052",
      doi            = "10.1103/PhysRevD.84.124052",
      year           = "2011",
      eprint         = "1106.1021",
      archivePrefix  = "arXiv",
      primaryClass   = "gr-qc",
      SLACcitation   = "%%CITATION = ARXIV:1106.1021;%%",
}

@article{Porto:2010zg,
      author         = "Porto, Rafael A. and Ross, Andreas and Rothstein, Ira Z.",
      title          = "{Spin induced multipole moments for the gravitational
                        wave flux from binary inspirals to third Post-Newtonian
                        order}",
      journal        = "JCAP",
      volume         = "1103",
      pages          = "009",
      doi            = "10.1088/1475-7516/2011/03/009",
      year           = "2011",
      eprint         = "1007.1312",
      archivePrefix  = "arXiv",
      primaryClass   = "gr-qc",
}

@article{Ajith:2011ec,
      author         = "Ajith, P.",
      title          = "{Addressing the spin question in gravitational-wave
                        searches: Waveform templates for inspiralling compact
                        binaries with nonprecessing spins}",
      journal        = "Phys. Rev. D",
      volume         = "84",
      pages          = "084037",
      year           = "2011",
      eprint         = "1107.1267",
      archivePrefix  = "arXiv",
      primaryClass   = "gr-qc",
}

@article{Harry:2011qh,
      author         = "Harry, I.W. and Fairhurst, S.",
      title          = "{A coherent triggered search for single spin compact
                        binary coalescences in gravitational wave data}",
      journal        = "Class.Quant.Grav.",
      volume         = "28",
      pages          = "134008",
      doi            = "10.1088/0264-9381/28/13/134008",
      year           = "2011",
      note           = "* Temporary entry *",
      eprint         = "1101.1459",
      archivePrefix  = "arXiv",
      primaryClass   = "gr-qc",
}

@article{Buonanno:2004yd,
      author         = "Buonanno, Alessandra and Chen, Yan-bei and Pan, Yi and
                        Vallisneri, Michele",
      title          = "{A Quasi-physical family of gravity-wave templates for
                        precessing binaries of spinning compact objects. 2.
                        Application to double-spin precessing binaries}",
      journal        = "Phys.Rev.",
      volume         = "D70",
      pages          = "104003",
      doi            = "10.1103/PhysRevD.70.104003, 10.1103/PhysRevD.74.029902",
      year           = "2004",
      note           = "A Seq. to gr-qc/0310034",
      eprint         = "gr-qc/0405090",
      archivePrefix  = "arXiv",
      primaryClass   = "gr-qc",
}
@article{Peters:1964zz,
      author         = "Peters, P.C.",
      title          = "{Gravitational Radiation and the Motion of Two Point
                        Masses}",
      journal        = "Phys.Rev.",
      volume         = "136",
      pages          = "B1224-B1232",
      doi            = "10.1103/PhysRev.136.B1224",
      year           = "1964",
}
@article{Peters:1963ux,
      author         = "Peters, P.C. and Mathews, J.",
      title          = "{Gravitational radiation from point masses in a Keplerian
                        orbit}",
      journal        = "Phys.Rev.",
      volume         = "131",
      pages          = "435-439",
      doi            = "10.1103/PhysRev.131.435",
      year           = "1963",
}
@Article{Kesden:2010yp,
     author    = "Kesden, Michael and Sperhake, Ulrich and Berti, Emanuele",
     title     = "{Final spins from the merger of precessing binary black
                  holes}",
     journal   = "Phys. Rev.",
     volume    = "D81",
     year      = "2010",
     pages     = "084054",
     eprint    = "1002.2643",
     archivePrefix = "arXiv",
     primaryClass  =  "astro-ph.GA",
     doi       = "10.1103/PhysRevD.81.084054",
     SLACcitation  = "%%CITATION = 1002.2643;%%"
}
@Article{Schnittman:2004vq,
     author    = "Schnittman, Jeremy D.",
     title     = "{Spin-Orbit Resonance and the Evolution of Compact Binary
                  Systems}",
     journal   = "Phys. Rev.",
     volume    = "D70",
     year      = "2004",
     pages     = "124020",
     eprint    = "astro-ph/0409174",
     archivePrefix = "arXiv",
     doi       = "10.1103/PhysRevD.70.124020",
     SLACcitation  = "%%CITATION = ASTRO-PH/0409174;%%"
}


@Article{Favata:2010ic,
     author    = "Favata, Marc",
     title     = "{Conservative corrections to the innermost stable circular
                  orbit (ISCO) of a Kerr black hole: a new gauge-invariant
                  post-Newtonian ISCO condition, and the ISCO shift due to
                  test-particle spin and the gravitational self-force}",
     journal   = "Phys. Rev.",
     volume    = "D83",
     year      = "2011",
     pages     = "024028",
     eprint    = "1010.2553",
     archivePrefix = "arXiv",
     primaryClass  =  "gr-qc",
     doi       = "10.1103/PhysRevD.83.024028",
     SLACcitation  = "%%CITATION = 1010.2553;%%"
}

@Article{Ajith:2007qp,
     author    = "Ajith, Parameswaran and others",
     title     = "Phenomenological template family for black-hole coalescence
                  waveforms",
     journal   = "Class. Quant. Grav.",
     volume    = "24",
     year      = "2007",
     pages     = "S689--S699",
     eprint    = "",
     SLACcitation  = "%%CITATION = ARXIV:0704.3764;%%"
}
%     eprint    = "arXiv:0704.3764 [gr-qc]",

@Article{Racine:2008kj,
     author    = "Racine, Etienne and Buonanno, Alessandra and Kidder,
                  Lawrence E.",
     title     = "{Recoil velocity at 2PN order for spinning black hole
                  binaries}",
     journal   = "Phys. Rev.",
     volume    = "D80",
     year      = "2009",
     pages     = "044010",
     eprint    = "0812.4413",
     archivePrefix = "arXiv",
     primaryClass  =  "gr-qc",
     doi       = "10.1103/PhysRevD.80.044010",
     SLACcitation  = "%%CITATION = 0812.4413;%%"
}
@Article{Mikoczi:2005dn,
     author    = "Mikoczi, Balazs and Vasuth, Matyas and Gergely, Laszlo A.",
     title     = "{Self-interaction spin effects in inspiralling compact
                  binaries}",
     journal   = "Phys. Rev.",
     volume    = "D71",
     year      = "2005",
     pages     = "124043",
     eprint    = "astro-ph/0504538",
     archivePrefix = "arXiv",
     doi       = "10.1103/PhysRevD.71.124043",
     SLACcitation  = "%%CITATION = ASTRO-PH/0504538;%%"
}

@Article{Damour:2001bu,
     author    = "Damour, Thibault and Jaranowski, Piotr and Schaefer,
                  Gerhard",
     title     = "{Dimensional regularization of the gravitational
                  interaction of point masses}",
     journal   = "Phys. Lett.",
     volume    = "B513",
     year      = "2001",
     pages     = "147-155",
     eprint    = "gr-qc/0105038",
     archivePrefix = "arXiv",
     doi       = "10.1016/S0370-2693(01)00642-6",
     SLACcitation  = "%%CITATION = GR-QC/0105038;%%"
}
@Article{Blanchet:2000ub,
     author    = "Blanchet, Luc and Faye, Guillaume",
     title     = "{General relativistic dynamics of compact binaries at the
                  third  post-Newtonian order}",
     journal   = "Phys. Rev.",
     volume    = "D63",
     year      = "2001",
     pages     = "062005",
     eprint    = "gr-qc/0007051",
     archivePrefix = "arXiv",
     doi       = "10.1103/PhysRevD.63.062005",
     SLACcitation  = "%%CITATION = GR-QC/0007051;%%"
}

@Article{deAndrade:2000gf,
     author    = "de Andrade, Vanessa C. and Blanchet, Luc and Faye,
                  Guillaume",
     title     = "{Third post-Newtonian dynamics of compact binaries:
                  Noetherian  conserved quantities and equivalence between
                  the harmonic coordinate  and ADM-Hamiltonian formalisms}",
     journal   = "Class. Quant. Grav.",
     volume    = "18",
     year      = "2001",
     pages     = "753-778",
     eprint    = "gr-qc/0011063",
     archivePrefix = "arXiv",
     doi       = "10.1088/0264-9381/18/5/301",
     SLACcitation  = "%%CITATION = GR-QC/0011063;%%"
}


@Article{Jaranowski:1999ye,
     author    = "Jaranowski, Piotr and Schaefer, Gerhard",
     title     = "{The binary black-hole problem at the third post-Newtonian
                  approximation in the orbital motion: Static part}",
     journal   = "Phys. Rev.",
     volume    = "D60",
     year      = "1999",
     pages     = "124003",
     eprint    = "gr-qc/9906092",
     archivePrefix = "arXiv",
     doi       = "10.1103/PhysRevD.60.124003",
     SLACcitation  = "%%CITATION = GR-QC/9906092;%%"
}


@Article{Poisson:1997ha,
     author    = "Poisson, Eric",
     title     = "{Gravitational waves from inspiraling compact binaries:
                  The quadrupole-moment term}",
     journal   = "Phys. Rev.",
     volume    = "D57",
     year      = "1998",
     pages     = "5287-5290",
     eprint    = "gr-qc/9709032",
     archivePrefix = "arXiv",
     doi       = "10.1103/PhysRevD.57.5287",
     SLACcitation  = "%%CITATION = GR-QC/9709032;%%"
}

@Article{Kidder:1995zr,
     author    = "Kidder, Lawrence E.",
     title     = "{Coalescing binary systems of compact objects to
                  postNewtonian 5/2 order. 5. Spin effects}",
     journal   = "Phys. Rev.",
     volume    = "D52",
     year      = "1995",
     pages     = "821-847",
     eprint    = "gr-qc/9506022",
     archivePrefix = "arXiv",
     doi       = "10.1103/PhysRevD.52.821",
     SLACcitation  = "%%CITATION = GR-QC/9506022;%%"
}


@Article{Faye:2006gx,
     author    = "Faye, Guillaume and Blanchet, Luc and Buonanno, Alessandra
                  ",
     title     = "{Higher-order spin effects in the dynamics of compact
                  binaries. I:  Equations of motion}",
     journal   = "Phys. Rev.",
     volume    = "D74",
     year      = "2006",
     pages     = "104033",
     eprint    = "gr-qc/0605139",
     archivePrefix = "arXiv",
     doi       = "10.1103/PhysRevD.74.104033",
     SLACcitation  = "%%CITATION = GR-QC/0605139;%%"
}


@Article{Blanchet:2004ek,
     author    = "Blanchet, Luc and Damour, Thibault and Esposito-Farese,
                  Gilles and Iyer, Bala R.",
     title     = "{Gravitational radiation from inspiralling compact binaries
                  completed at  the third post-Newtonian order}",
     journal   = "Phys. Rev. Lett.",
     volume    = "93",
     year      = "2004",
     pages     = "091101",
     eprint    = "gr-qc/0406012",
     archivePrefix = "arXiv",
     doi       = "10.1103/PhysRevLett.93.091101",
     SLACcitation  = "%%CITATION = GR-QC/0406012;%%"
}

@Article{Boyle:2009dg,
     author    = "Boyle, Michael and Brown, Duncan A. and Pekowsky, Larne",
     title     = "{Comparison of high-accuracy numerical simulations of
                  black-hole binaries with stationary phase post-Newtonian
                  template waveforms for Initial and Advanced LIGO}",
     journal   = "Class. Quant. Grav.",
     volume    = "26",
     year      = "2009",
     pages     = "114006",
     eprint    = "0901.1628",
     archivePrefix = "arXiv",
     primaryClass  =  "gr-qc",
     doi       = "10.1088/0264-9381/26/11/114006",
     SLACcitation  = "%%CITATION = 0901.1628;%%"
}
@Article{Lattimer:2006xb,
     author    = "Lattimer, James M. and Prakash, Maddapa",
     title     = "{Neutron Star Observations: Prognosis for Equation of State
                  Constraints}",
     journal   = "Phys. Rept.",
     volume    = "442",
     year      = "2007",
     pages     = "109-165",
     eprint    = "astro-ph/0612440",
     archivePrefix = "arXiv",
     doi       = "10.1016/j.physrep.2007.02.003",
     SLACcitation  = "%%CITATION = ASTRO-PH/0612440;%%"
}

@ARTICLE{1994ApJ...424..823C,
   author = {{Cook}, G.~B. and {Shapiro}, S.~L. and {Teukolsky}, S.~A.},
    title = "{Rapidly rotating neutron stars in general relativity: Realistic equations of state}",
  journal = {\apj},
 keywords = {EQUATIONS OF STATE, PULSARS, RELATIVITY, STELLAR EVOLUTION, STELLAR MODELS, STELLAR ROTATION, ANGULAR MOMENTUM, BLACK HOLES (ASTRONOMY), COMPUTATIONAL GRIDS, COMPUTERIZED SIMULATION, EQUILIBRIUM METHODS, NUMERICAL ANALYSIS, STABILITY, STELLAR MASS},
     year = 1994,
    month = apr,
   volume = 424,
    pages = {823-845},
      doi = {10.1086/173934},
   adsurl = {http://adsabs.harvard.edu/abs/1994ApJ...424..823C},
  adsnote = {Provided by the SAO/NASA Astrophysics Data System}
}

@UNPUBLISHED{Ajith:2011xx,
     author    = "Ajith, P.",
     title     = "Comparison of post-Newtonian templates for gravitational waveforms from spinning binaries",
     year      = "2011",
     note      = "{In preparation.}"
}

@article{0264-9381-27-8-084006,
  author={Gregory M Harry and the LIGO Scientific Collaboration},
  title={Advanced LIGO: the next generation of gravitational wave detectors},
  journal={Classical and Quantum Gravity},
  volume={27},
  number={8},
  pages={084006},
  url={http://stacks.iop.org/0264-9381/27/i=8/a=084006},
  year={2010},
  abstract={The Advanced LIGO gravitational wave detectors are next generation instruments which will replace the existing initial LIGO detectors. They are currently being constructed and installed. Advanced LIGO strain sensitivity is designed to be about a factor 10 better than initial LIGO over a broad band and usable to 10 Hz, in contrast to 40 Hz for initial LIGO. This is expected to allow for detections and significant astrophysics in most categories of gravitational waves. To achieve this sensitivity, all hardware subsystems are being replaced with improvements. Designs and expected performance are presented for the seismic isolation, suspensions, optics and laser subsystems. Possible enhancements to Advanced LIGO, either to resolve problems that may arise and/or to allow for improved performance, are now being researched. Some of these enhancements are discussed along with some potential technology being considered for detectors beyond Advanced LIGO.}
}

@Article{Galley:2010rc,
     author    = "Galley, Chad R. and Herrmann, Frank and Silberholz, John
                  and Tiglio, Manuel and Guerberoff, Gustavo",
     title     = "{Statistical constraints on binary black hole inspiral
                  dynamics}",
     journal   = "Class. Quant. Grav.",
     volume    = "27",
     year      = "2010",
     pages     = "245007",
     eprint    = "1005.5560",
     archivePrefix = "arXiv",
     primaryClass  =  "gr-qc",
     doi       = "10.1088/0264-9381/27/24/245007",
     SLACcitation  = "%%CITATION = 1005.5560;%%"
}
@Article{Buonanno:2006ui,
     author    = "Buonanno, Alessandra and Cook, Gregory B. and Pretorius,
                  Frans",
     title     = "{Inspiral, merger and ring-down of equal-mass black-hole
                  binaries}",
     journal   = "Phys. Rev.",
     volume    = "D75",
     year      = "2007",
     pages     = "124018",
     eprint    = "gr-qc/0610122",
     archivePrefix = "arXiv",
     doi       = "10.1103/PhysRevD.75.124018",
     SLACcitation  = "%%CITATION = GR-QC/0610122;%%"
}

@Article{PhysRevLett.99.181101,
  title = {Consistency of Post-Newtonian Waveforms with Numerical Relativity},
  author = {Baker, John G. and van~Meter, James R. and McWilliams, Sean T. and Centrella, Joan  and Kelly, Bernard J.},
  journal = {Phys. Rev. Lett.},
  volume = {99},
  number = {18},
  pages = {181101},
  numpages = {4},
  year = {2007},
  month = {Oct},
  doi = {10.1103/PhysRevLett.99.181101},
  publisher = {American Physical Society}
}

@Article{Hannam:2007ik,
     author    = "Hannam, Mark and Husa, Sascha and Sperhake, Ulrich and
                  Bruegmann, Bernd and Gonzalez, Jose A.",
     title     = "{Where post-Newtonian and numerical-relativity waveforms
                  meet}",
     journal   = "Phys. Rev.",
     volume    = "D77",
     year      = "2008",
     pages     = "044020",
     eprint    = "0706.1305",
     archivePrefix = "arXiv",
     primaryClass  =  "gr-qc",
     doi       = "10.1103/PhysRevD.77.044020",
     SLACcitation  = "%%CITATION = 0706.1305;%%"
}

@Article{Gopakumar:2007vh,
     author    = "Gopakumar, Achamveedu and Hannam, Mark and Husa, Sascha and
                  Bruegmann, Bernd",
     title     = "{Comparison between numerical relativity and a new class of
                  post-Newtonian gravitational-wave phase evolutions: the
                  non-spinning equal-mass case}",
     journal   = "Phys. Rev.",
     volume    = "D78",
     year      = "2008",
     pages     = "064026",
     eprint    = "0712.3737",
     archivePrefix = "arXiv",
     primaryClass  =  "gr-qc",
     doi       = "10.1103/PhysRevD.78.064026",
     SLACcitation  = "%%CITATION = 0712.3737;%%"
}

@Article{Boyle:2007ft,
     author    = "Boyle, Michael and others",
     title     = "{High-accuracy comparison of numerical relativity
                  simulations with post-Newtonian expansions}",
     journal   = "Phys. Rev.",
     volume    = "D76",
     year      = "2007",
     pages     = "124038",
     eprint    = "0710.0158",
     archivePrefix = "arXiv",
     primaryClass  =  "gr-qc",
     doi       = "10.1103/PhysRevD.76.124038",
     SLACcitation  = "%%CITATION = 0710.0158;%%"
}

@Article{Hannam:2010ec,
     author    = "Hannam, Mark and Husa, Sascha and Ohme, Frank and Muller,
                  Doreen and Bruegmann, Bernd",
     title     = "{Simulations of black-hole binaries with unequal masses or
                  nonprecessing spins: Accuracy, physical properties, and
                  comparison with post-Newtonian results}",
     journal   = "Phys. Rev.",
     volume    = "D82",
     year      = "2010",
     pages     = "124008",
     eprint    = "1007.4789",
     archivePrefix = "arXiv",
     primaryClass  =  "gr-qc",
     doi       = "10.1103/PhysRevD.82.124008",
     SLACcitation  = "%%CITATION = 1007.4789;%%"
}

@Article{Campanelli:2008nk,
     author    = "Campanelli, Manuela and Lousto, Carlos O. and Nakano,
                  Hiroyuki and Zlochower, Yosef",
     title     = "{Comparison of Numerical and Post-Newtonian Waveforms for
                  Generic Precessing Black-Hole Binaries}",
     journal   = "Phys. Rev.",
     volume    = "D79",
     year      = "2009",
     pages     = "084010",
     eprint    = "0808.0713",
     archivePrefix = "arXiv",
     primaryClass  =  "gr-qc",
     doi       = "10.1103/PhysRevD.79.084010",
     SLACcitation  = "%%CITATION = 0808.0713;%%"
}

@Article{PhysRevD.47.2198,
  title = {Observing binary inspiral in gravitational radiation: One interferometer},
  author = {Finn, Lee Samuel and Chernoff, David F.},
  journal = {Phys. Rev. D},
  volume = {47},
  number = {6},
  pages = {2198--2219},
  numpages = {21},
  year = {1993},
  month = {Mar},
  doi = {10.1103/PhysRevD.47.2198},
  publisher = {American Physical Society}
}

@Article{PhysRevD.64.124013,
  title = {Coalescence of two spinning black holes: An effective one-body approach},
  author = {Damour, Thibault },
  journal = {Phys. Rev. D},
  volume = {64},
  number = {12},
  pages = {124013},
  numpages = {22},
  year = {2001},
  month = {Nov},
  doi = {10.1103/PhysRevD.64.124013},
  publisher = {American Physical Society}
}

@Article{Ajith:2009bn,
  title = {Inspiral-Merger-Ringdown Waveforms for Black-Hole Binaries with Nonprecessing Spins},
  author = {Ajith, P.  and Hannam, M.  and Husa, S.  and Chen, Y.  and Br\"ugmann, B.  and Dorband, N.  and M\"uller, D.  and Ohme, F.  and Pollney, D.  and Reisswig, C.  and Santamar\'\i{}a, L.  and Seiler, J. },
  journal = {Phys. Rev. Lett.},
  volume = {106},
  number = {24},
  pages = {241101},
  numpages = {4},
  year = {2011},
  month = {Jun},
  doi = {10.1103/PhysRevLett.106.241101},
  publisher = {American Physical Society},
  eprint    = {0909.2867},
  archivePrefix = {arXiv"},
  primaryClass  =  {gr-qc},
  SLACcitation  = {%%CITATION = 0909.2867;%%}
}

@Article{Robinson:2008un,
     author    = "Robinson, C. A. K. and Sathyaprakash, B. S. and Sengupta,
                  Anand S.",
     title     = "{A geometric algorithm for efficient coincident detection
                  of gravitational waves}",
     journal   = "Phys. Rev.",
     volume    = "D78",
     year      = "2008",
     pages     = "062002",
     eprint    = "0804.4816",
     archivePrefix = "arXiv",
     primaryClass  =  "gr-qc",
     doi       = "10.1103/PhysRevD.78.062002",
     SLACcitation  = "%%CITATION = 0804.4816;%%"
}
@Article{Apostolatos:1995pj,
     author    = "Apostolatos, T. A.",
     title     = "Search templates for gravitational waves from precessing,
                  inspiraling binaries",
     journal   = "Phys. Rev. D",
     volume    = "52",
     year      = "1995",
     pages     = "605-620",
     SLACcitation  = "%%CITATION = PHRVA,D52,605;%%"
}

@misc{Lundgren,
      author    = "Brown, D. and Lundgren, A. and Pekowsky, L. and O'Shaughnessy, R.",
      note = "{In preparation.}"
}

@misc{scipy,
      note = "The SciPy software library", 
	  url = "http://scipy.org/"
}


@Article{Buonanno:2009zt,
     author    = "Buonanno, Alessandra and Iyer, Bala and Ochsner, Evan and
                  Pan, Yi and Sathyaprakash, B. S.",
     title     = "{Comparison of post-Newtonian templates for compact binary
                  inspiral signals in gravitational-wave detectors}",
     journal   = "Phys. Rev. D",
     volume    = "80",
     year      = "2009",
     pages     = "084043",
     eprint    = "0907.0700",
     archivePrefix = "arXiv",
     primaryClass  =  "gr-qc",
     doi       = "10.1103/PhysRevD.80.084043",
     SLACcitation  = "%%CITATION = 0907.0700;%%"
}
@Article{Ajith:2007xh,
     author    = "Ajith, P.",
     title     = "{Gravitational-wave data analysis using binary black-hole
                  waveforms}",
     journal   = "Class. Quant. Grav.",
     volume    = "25",
     year      = "2008",
     pages     = "114033",
     eprint    = "",
     archivePrefix = "arXiv",
     primaryClass  =  "gr-qc",
     doi       = "10.1088/0264-9381/25/11/114033",
     SLACcitation  = "%%CITATION = 0712.0343;%%"
}


@ARTICLE{1996Natur.381..584K,
   author = {{Kaspi}, V.~M. and {Bailes}, M. and {Manchester}, R.~N. and 
	{Stappers}, B.~W. and {Bell}, J.~F.},
    title = "{Evidence from a processing pulsar orbit for a neutron-star birth kick}",
  journal = {\nat},
     year = 1996,
    month = jun,
   volume = 381,
    pages = {584-586},
      doi = {10.1038/381584a0},
   adsurl = {http://adsabs.harvard.edu/abs/1996Natur.381..584K},
  adsnote = {Provided by the SAO/NASA Astrophysics Data System}
}

@Article{O'Leary:2007qa,
     author    = "O'Leary, Ryan and O'Shaughnessy, Richard W. and Rasio,
                  Frederic",
     title     = "{Dynamical Interactions and the Black Hole Merger Rate of
                  the Universe}",
     journal   = "Phys. Rev. D",
     volume    = "76",
     year      = "2007",
     pages     = "061504",
     eprint    = "astro-ph/0701887",
     archivePrefix = "arXiv",
     doi       = "10.1103/PhysRevD.76.061504",
     SLACcitation  = "%%CITATION = ASTRO-PH/0701887;%%"
}

@article{lrr-2006-6,
  title    = {The Evolution of Compact Binary Star Systems},
  author   = {Konstantin A. Postnov, Lev R. Yungelson},
  journal  = {Living Reviews in Relativity},
  year     = {2006},
  number   = {6},
  volume   = {9},
  keywords = {astrophysics, binary systems, gravitational wave sources, supernovae, neutron stars, black holes, white dwarfs, AM CVn stars},
  url      = {http://www.livingreviews.org/lrr-2006-6}
}
%
% Note: Encoded in UTF-8! To use with TeX, adapt the encoding 
% (with tools 'recode' or 'iconv') or use the ucs package 
% (http://ctan.tug.org/tex-archive/macros/latex/contrib/unicode/)
%
  
@Article{Allen:2004gu,
     author    = "Allen, Bruce",
     title     = "{A chi**2 time-frequency discriminator for gravitational
                  wave detection}",
     journal   = "Phys. Rev.",
     volume    = "D71",
     year      = "2005",
     pages     = "062001",
     eprint    = "gr-qc/0405045",
     archivePrefix = "arXiv",
     doi       = "10.1103/PhysRevD.71.062001",
     SLACcitation  = "%%CITATION = GR-QC/0405045;%%"
}

@Article{VanDenBroeck:2006ar,
     author    = "Van Den Broeck, Chris and Sengupta, Anand S.",
     title     = "{Binary black hole spectroscopy}",
     journal   = "Class. Quant. Grav.",
     volume    = "24",
     year      = "2007",
     pages     = "1089-1114",
     eprint    = "gr-qc/0610126",
     archivePrefix = "arXiv",
     doi       = "10.1088/0264-9381/24/5/005",
     SLACcitation  = "%%CITATION = GR-QC/0610126;%%"
}
@Article{Ajith:2009fz,
     author    = "Ajith, P. and Bose, Sukanta",
     title     = "{Estimating the parameters of non-spinning binary black
                  holes using ground-based gravitational-wave detectors:
                  Statistical errors}",
     journal   = "Phys. Rev. D",
     volume    = "79",
     pages     = "084032",
     year      = "2009",
     eprint    = "",
     archivePrefix = "arXiv",
     primaryClass  =  "gr-qc",
     SLACcitation  = "%%CITATION = 0901.4936;%%"
}

@book{NRecipes,
     author = "Press, W. H. and Teukolsky, S. A. and Vetterling, W. T. and Flannery, B. P.",
     title = "Numerical Recipes 3rd Edition: The Art of Scientific Computing",
     year = "2007",
     publisher = "Cambridge University Press",
}

@Article{amoeba,
     author  = {Nelder, J.A. and Mead, R.},
     year    = {1964},
     title   =  "A simplex method for function minimization",
     journal = " The Computer Journal", 
     volume  = "7", 
     pages   = "308-313"
}

@Article{McKechan:2010kp,
     author    = "McKechan, D. J. A. and Robinson, C. and Sathyaprakash, B.
                  S.",
     title     = "{A tapering window for time-domain templates and simulated
                  signals in the detection of gravitational waves from
                  coalescing compact binaries}",
     journal   = "Class. Quant. Grav.",
     volume    = "27",
     year      = "2010",
     pages     = "084020",
     eprint    = "1003.2939",
     archivePrefix = "arXiv",
     primaryClass  =  "gr-qc",
     doi       = "10.1088/0264-9381/27/8/084020",
     SLACcitation  = "%%CITATION = 1003.2939;%%"
}

@misc{LAL,
      title = "{LSC} {A}lgorithms {L}ibrary",
      url = "https://www.lsc-group.phys.uwm.edu/daswg/projects/lalsuite.html"
}

@misc{FFTW,
      url = "http://www.fftw.org/"
}

@Article{Goldstein:2011ju,
     author    = "Goldstein, Adam and others",
     title     = "{A New Derivation of GRB Jet Opening Angles from the Prompt
                  Gamma-Ray Emission}",
     year      = "2011",
     eprint    = "1101.2458",
     archivePrefix = "arXiv",
     primaryClass  =  "astro-ph.HE",
     SLACcitation  = "%%CITATION = 1101.2458;%%"
}

@misc{AdLigoUrl,
     url = "https://www.advancedligo.mit.edu/"
}

@misc{AdvLIGOPSD,
     title         = {Advanced {LIGO} anticipated sensitivity curves}, 
     note = {{L}IGO Document T0900288-v3},
     url = {https://dcc.ligo.org/LIGO-T0900288/public}
}

@Article{DIS01,
     author    = "Damour, Thibault and others
                  ",
     title     = "A comparison of search templates for gravitational waves
                  from binary  inspiral",
     journal   = "Phys. Rev. D",
     volume    = "63",
     year      = "2001",
     pages     = "044023",
     eprint    = "",
     SLACcitation  = "%%CITATION = GR-QC 0010009;%%"
}

@article{DIS98,
     author        = {Damour, T. and Iyer, B R and Sathyaprakash, B S},
     title         = {Improved filters for gravitational waves from inspiraling compact binaries},
     journal       = {Phys. Rev. D},
     volume        = {57},
     pages         = {885--907},
     year          = {1998},
     keywords      = {Binary systems, Gravitational wave detectors},
     onlinetitle   = {Improved filters for gravitational waves from inspiralling compact binaries},
     onlineyear    = {1997},
     fileformat    = {Online Los Alamos Preprint},
     onlineaddress = {http://xxx.lanl.gov/abs/gr-qc/9708034},
     cited         = {18 August 1997},
     ReferencedIn  = {2002-3blanchet}
}

@Article{DJS2000,
  title     = {Dynamical invariants for general relativistic two-body systems at the third post-Newtonian approximation},
  author    = {Damour, Thibault  and Jaranowski, Piotr  and Sch\"afer, Gerhard },
  journal   = {Phys. Rev. D},
  volume    = {62},
  number    = {4},
  pages     = {044024},
  numpages  = {17},
  year      = {2000},
  month     = {Jul},
  doi       = {10.1103/PhysRevD.62.044024},
  publisher = {American Physical Society}
}


@Article{PhysRevD.54.2438,
  title = {Influence of spin-spin coupling on inspiraling compact binaries with $M1=M2$ and $S1=S2$},
  author = {Apostolatos, Theocharis A.},
  journal = {Phys. Rev. D},
  volume = {54},
  number = {4},
  pages = {2438--2441},
  numpages = {3},
  year = {1996},
  month = {Aug},
  doi = {10.1103/PhysRevD.54.2438},
  publisher = {American Physical Society}
}

@Article{Baker05a,
        author = {John G. Baker and others},
        title =        {Gravitational wave extraction from an inspiraling
                  configuration of merging black holes},
        journal   = "Phys. Rev. Lett.",
        volume    = "96",
        year      = "2006",
        pages     = "111102",
        eprint    = {},
}

@Article{Blanchet:LivRev,
  title    = {Gravitational Radiation from Post-Newtonian Sources and Inspiralling Compact Binaries},
  author   = {Luc Blanchet},
  journal  = {Living Rev. Relativity},
  year     = {2006},
  number   = {4},
  volume   = {9},
  eprint   = {gr-qc/0202016},
  keywords = {gravitational radiation, post-Newtonian approximation, multipolar expansion, inspiralling compact binary},
  url      = {http://www.livingreviews.org/lrr-2006-4}
}

@Article{PhysRevD.49.6274,
  title = {Spin-induced orbital precession and its modulation of the gravitational waveforms from merging binaries},
  author = {Apostolatos, Theocharis A. and others},
  journal = {Phys. Rev. D},
  volume = {49},
  number = {12},
  pages = {6274--6297},
  numpages = {23},
  year = {1994},
  month = {Jun},
  doi = {10.1103/PhysRevD.49.6274},
  publisher = {American Physical Society}
}

@ARTICLE{Kalogera:2004pr,
   author = {{Kalogera}, V.},
    title = "{Binary compact object inspiral: Detection expectations}",
  journal = {Pramana},
 keywords = {Compact objects, inspiral, event rates, precession.},
     year = 2004,
    month = oct,
   volume = 63,
    pages = {673-+},
   adsurl = {http://adsabs.harvard.edu/abs/2004Prama..63..673K},
  adsnote = {Provided by the SAO/NASA Astrophysics Data System}
}

@ARTICLE{2005AJ....129.1993M,
   author = {{Manchester}, R.~N. and {Hobbs}, G.~B. and {Teoh}, A. and {Hobbs}, M.
	},
    title = "{The Australia Telescope National Facility Pulsar Catalogue}",
  journal = {Astronomical Journal},
   eprint = {arXiv:astro-ph/0412641},
 keywords = {Catalogs, Stars: Pulsars: General},
     year = 2005,
    month = apr,
   volume = 129,
    pages = {1993-2006},
      doi = {10.1086/428488},
   adsurl = {http://adsabs.harvard.edu/abs/2005AJ....129.1993M},
  adsnote = {Provided by the SAO/NASA Astrophysics Data System}
}

@Article{Sturani:2010ju,
     author    = "Sturani, R. and others",
     title     = "{Phenomenological gravitational waveforms from spinning
                  coalescing binaries}",
     year      = "2010",
     eprint    = "1012.5172",
     archivePrefix = "arXiv",
     primaryClass  =  "gr-qc",
     SLACcitation  = "%%CITATION = 1012.5172;%%"
}

@Article{Santamaria:2010yb,
     author    = "Santamaria, L. and others",
     title     = "{Matching post-Newtonian and numerical relativity
                  waveforms: systematic errors and a new phenomenological
                  model for non-precessing black hole binaries}",
     journal   = "Phys. Rev.",
     volume    = "D82",
     year      = "2010",
     pages     = "064016",
     eprint    = "1005.3306",
     archivePrefix = "arXiv",
     primaryClass  =  "gr-qc",
     doi       = "10.1103/PhysRevD.82.064016",
     SLACcitation  = "%%CITATION = 1005.3306;%%"
}

@phdthesis{FaziThesis,
 author = {Diego Fazi},
 title = {Development of a physical-template search for gravitational waves from spinning compact-object binaries with LIGO},
 year = {2009},
 school = {University of Bologna}
}

@Article{Harry:2010fr,
     author    = "Harry, Ian W. and Fairhurst, Stephen",
     title     = "{A targeted coherent search for gravitational waves from
                  compact binary coalescences}",
     journal   = "Phys. Rev.",
     volume    = "D83",
     year      = "2011",
     pages     = "084002",
     eprint    = "1012.4939",
     archivePrefix = "arXiv",
     primaryClass  =  "gr-qc",
     doi       = "10.1103/PhysRevD.83.084002",
     SLACcitation  = "%%CITATION = 1012.4939;%%"
}

@Article{Jones:2010iv,
     author    = "Jones, Gareth",
     title     = "{Searching for gravitational waves emitted by binaries with
                  spinning components}",
     year      = "2010",
     eprint    = "1002.1876",
     archivePrefix = "arXiv",
     primaryClass  =  "gr-qc",
     SLACcitation  = "%%CITATION = 1002.1876;%%"
}

@Article{Pan:2003qt,
     author    = "Pan, Yi and Buonanno, Alessandra and Chen, Yanbei and
                  Vallisneri, Michele",
     title     = "{A physical template family for gravitational waves from
                  precessing  binaries of spinning compact objects:
                  Application to single-spin  binaries}",
     journal   = "Phys. Rev.",
     volume    = "D69",
     year      = "2004",
     pages     = "104017",
     eprint    = "gr-qc/0310034",
     archivePrefix = "arXiv",
     doi       = "10.1103/PhysRevD.69.104017",
     SLACcitation  = "%%CITATION = GR-QC/0310034;%%"
}

@Article{VanDenBroeck:2009gd,
     author    = "Van Den Broeck, Chris and others",
     title     = "{Template banks to search for compact binaries with
                  spinning components in gravitational wave data}",
     journal   = "Phys. Rev. D",
     volume    = "80",
     year      = "2009",
     pages     = "024009",
     eprint    = "0904.1715",
     archivePrefix = "arXiv",
     primaryClass  =  "gr-qc",
     doi       = "10.1103/PhysRevD.80.024009",
     SLACcitation  = "%%CITATION = 0904.1715;%%"
}

@Article{PhysRevD.78.042002,
  title = {Search of S3 LIGO data for gravitational wave signals from spinning black hole and neutron star binary inspirals},
  collaboration = {LIGO Scientific Collaboration},
  author = {Abbott, B.  and others},
  journal = {Phys. Rev. D},
  volume = {78},
  number = {4},
  pages = {042002},
  numpages = {19},
  year = {2008},
  month = {Aug},
  doi = {10.1103/PhysRevD.78.042002},
  publisher = {American Physical Society}
}


@Article{PhysRevD.67.042003,
  title = {Searching for gravitational waves from the inspiral of precessing binary systems: Problems with current waveforms},
  author = {Grandcl\'ement, Philippe  and Kalogera, Vassiliki  and Vecchio, Alberto },
  journal = {Phys. Rev. D},
  volume = {67},
  number = {4},
  pages = {042003},
  numpages = {6},
  year = {2003},
  month = {Feb},
  doi = {10.1103/PhysRevD.67.042003},
  publisher = {American Physical Society}
}

@Article{Sathyaprakash:1991mt,
     author    = "Sathyaprakash, B. S. and Dhurandhar, S. V.",
     title     = "{Choice of filters for the detection of gravitational waves
                  from coalescing binaries}",
     journal   = "Phys. Rev.",
     volume    = "D44",
     year      = "1991",
     pages     = "3819-3834",
     doi       = "10.1103/PhysRevD.44.3819",
     SLACcitation  = "%%CITATION = PHRVA,D44,3819;%%"
}

@Article{Sathyaprakash:1994,
  title = {Filtering post-Newtonian gravitational waves from coalescing binaries},
  author = {Sathyaprakash, B. S.},
  journal = {Phys. Rev. D},
  volume = {50},
  number = {12},
  pages = {R7111--R7115},
  numpages = {4},
  year = {1994},
  month = {Dec},
  doi = {10.1103/PhysRevD.50.R7111},
  publisher = {American Physical Society}
}

@Article{Owen:1995tm,
     author    = "Owen, Benjamin J.",
     title     = "Search templates for gravitational waves from inspiraling
                  binaries: Choice of template spacing",
     journal   = "Phys. Rev. D",
     volume    = "53",
     year      = "1996",
     pages     = "6749-6761",
     eprint    = "gr-qc/9511032",
     SLACcitation  = "%%CITATION = GR-QC/9511032;%%"
}


@Article{Damour:2009kr,
     author    = "Damour, Thibault and Nagar, Alessandro",
     title     = "{An improved analytical description of inspiralling and
                  coalescing black-hole binaries}",
     journal   = "Phys. Rev. D",
     volume    = "79",
     year      = "2009",
     pages     = "081503",
     eprint    = "0902.0136",
     archivePrefix = "arXiv",
     primaryClass  =  "gr-qc",
     doi       = "10.1103/PhysRevD.79.081503",
     SLACcitation  = "%%CITATION = 0902.0136;%%"
}

@Article{Volonteri:2004cf,
     author    = "Volonteri, Marta and Madau, Piero and Quataert, Eliot and
                  Rees, Martin J.",
     title     = "{The distribution and cosmic evolution of massive black
                  hole spins}",
     journal   = "Astrophys. J.",
     volume    = "620",
     year      = "2005",
     pages     = "69-77",
     eprint    = "astro-ph/0410342",
     archivePrefix = "arXiv",
     doi       = "10.1086/426858",
     SLACcitation  = "%%CITATION = ASTRO-PH/0410342;%%"
}

@Article{McClintock:2011zq,
     author    = "McClintock, Jeffrey E. and others",
     title     = "{Measuring the Spins of Accreting Black Holes}",
     journal   = "Class. Quant. Grav.",
     volume    = "28",
     year      = "2011",
     pages     = "114009",
     eprint    = "1101.0811",
     archivePrefix = "arXiv",
     primaryClass  =  "astro-ph.HE",
     doi       = "10.1088/0264-9381/28/11/114009",
     SLACcitation  = "%%CITATION = 1101.0811;%%"
}

@Article{BCV2,
     author    = "Buonanno, Alessandra and Chen, Yanbei and Vallisneri,
                  Michele",
     title     = "Detecting gravitational waves from precessing binaries of
                  spinning compact objects: Adiabatic limit",
     journal   = "Phys. Rev. D",
     volume    = "67",
     year      = "2003",
     pages     = "104025",
     eprint    = "gr-qc/0211087",
     SLACcitation  = "%%CITATION = GR-QC/0211087;%%"
}

@book{Helstrom,
 author = {Carl W. Helstrom},
 title = {Elements of signal detection and estimation},
 year = {1995},
 isbn = {0-13-808940-X},
 publisher = {Prentice-Hall, Inc.},
 address = {Upper Saddle River, NJ, USA},
 }

@incollection{schutz-91,
  address   = {Cambridge, U.K.; New York, U.S.A.},
  author    = {Schutz, B.F.},
  booktitle = {The Detection of Gravitational Waves},
  editor    = {Blair, D.G.},
  format    = {print},
  keywords  = {Gravitational wave data analysis, Signal detection},
  pages     = {406--452},
  publisher = {Cambridge University Press},
  title     = {Data processing, analysis and storage for interferometric antennas},
  year      = {1991}
}

@Article{Blanchet:2011zv,
     author    = "Blanchet, Luc and Buonanno, Alessandra and Faye, Guillaume
                  ",
     title     = "{Tail-induced spin-orbit effect in the gravitational
                  radiation of compact binaries}",
     year      = "2011",
     eprint    = "1104.5659",
     archivePrefix = "arXiv",
     primaryClass  =  "gr-qc",
     SLACcitation  = "%%CITATION = 1104.5659;%%"
}

@Article{Ajith:2007kx,
  author =	 "Ajith, P. and others",
  title =	 "{A template bank for gravitational waveforms from
                  coalescing binary black holes: I. non-spinning
                  binaries}",
  journal =	 "Phys. Rev. D",
  volume =	 "77",
  year =	 2008,
  pages =	 104017,
  eprint =	 "0710.2335",
  archivePrefix ="arXiv",
  primaryClass = "gr-qc",
  doi =		 "10.1103/PhysRevD.77.104017",
  SLACcitation = "%%CITATION = 0710.2335;%%"
}

@Article{Alvi:2001,
  title =	 {Energy and angular momentum flow into a black hole
                  in a binary},
  author =	 {Kashif Alvi},
  journal =	 prd,
  volume =	 64,
  number =	 10,
  pages =	 104020,
  numpages =	 9,
  year =	 2001,
  month =	 {Oct},
  url =		 {http://link.aps.org/doi/10.1103/PhysRevD.64.104020}
}

@Article{Arun:2004hn,
     author    = "Arun, K. G. and Iyer, Bala R. and Sathyaprakash, B.
S. and
                  Sundararajan, Pranesh A.",
     title     = "{Parameter estimation of inspiralling compact
binaries
                  using 3.5  post-Newtonian gravitational wave
phasing: The
                  non-spinning case}",
     journal   = "Phys. Rev.",
     volume    = "D71",
     year      = "2005",
     pages     = "084008",
     eprint    = "gr-qc/0411146",
     archivePrefix = "arXiv",
     doi       = "10.1103/PhysRevD.71.084008",
     SLACcitation  = "%%CITATION = GR-QC/0411146;%%"
}


@Article{Arun:2009,
  title =	 {Higher-order spin effects in the amplitude and phase
                  of gravitational waveforms emitted by inspiraling
                  compact binaries: {R}eady-to-use gravitational
                  waveforms},
  volume =	 79,
  url =		 {http://link.aps.org/doi/10.1103/PhysRevD.79.104023},
  doi =		 {10.1103/PhysRevD.79.104023},
  number =	 10,
  journal =	 prd,
  author =	 {K. G. Arun and Alessandra Buonanno and Guillaume
                  Faye and Evan Ochsner},
  month =	 may,
  year =	 2009,
  pages =	 104023,
}

@Article{Aylott:2009tn,
  author =	 "Aylott, Benjamin and others",
  title =	 "{Status of NINJA: the Numerical INJection Analysis
                  project}",
  journal =	 "Class. Quant. Grav.",
  volume =	 26,
  year =	 2009,
  pages =	 114008,
  eprint =	 "0905.4227",
  archivePrefix ="arXiv",
  primaryClass = "gr-qc",
  doi =		 "10.1088/0264-9381/26/11/114008",
  SLACcitation = "%%CITATION = 0905.4227;%%"
}

@Article{Aylott:2009ya,
  author =	 "Aylott, Benjamin and others",
  title =	 "{Testing gravitational-wave searches with numerical
                  relativity waveforms: Results from the first
                  Numerical INJection Analysis (NINJA) project}",
  journal =	 "Class. Quant. Grav.",
  volume =	 26,
  year =	 2009,
  pages =	 165008,
  eprint =	 "0901.4399",
  archivePrefix ="arXiv",
  primaryClass = "gr-qc",
  doi =		 "10.1088/0264-9381/26/16/165008",
  SLACcitation = "%%CITATION = 0901.4399;%%"
}

@Article{Baker:2005vv,
  author =	 "Baker, John G. and Centrella, Joan and Choi, Dae-Il
                  and Koppitz, Michael and van Meter, James",
  title =	 "{Gravitational wave extraction from an inspiraling
                  configuration of merging black holes}",
  journal =	 "Phys. Rev. Lett.",
  volume =	 96,
  year =	 2006,
  pages =	 111102,
  eprint =	 "gr-qc/0511103",
  archivePrefix ="arXiv",
  doi =		 "10.1103/PhysRevLett.96.111102",
  SLACcitation = "%%CITATION = GR-QC/0511103;%%"
}

@Article{Blanchet:1996,
  title =	 {Gravitational waveforms from inspiralling compact
                  binaries to {second-post-Newtonian} order},
  volume =	 13,
  url =		 {http://stacks.iop.org/0264-9381/13/i=4/a=002},
  number =	 4,
  journal =	 cqg,
  author =	 {Luc Blanchet and Bala R Iyer and Clifford M Will and
                  Alan G Wiseman},
  year =	 1996,
  pages =	 575
}

@Article{Blanchet:2001,
  title =	 {General relativistic dynamics of compact binaries at
                  the third post-{N}ewtonian order},
  volume =	 63,
  url =		 {http://link.aps.org/doi/10.1103/PhysRevD.63.062005},
  doi =		 {10.1103/PhysRevD.63.062005},
  number =	 6,
  journal =	 prd,
  author =	 {Luc Blanchet and Guillaume Faye},
  month =	 feb,
  year =	 2001,
  pages =	 062005
}

@Article{Blanchet:2002,
  title =	 {Gravitational-wave inspiral of compact binary
                  systems to $7/2$ post-{N}ewtonian order},
  author =	 {Blanchet, Luc and Faye, Guillaume and Iyer, Bala
                  R. and Joguet, Benoit},
  journal =	 prd,
  volume =	 65,
  number =	 6,
  pages =	 061501,
  numpages =	 5,
  year =	 2002,
  month =	 {Feb},
  url =		 {http://link.aps.org/doi/10.1103/PhysRevD.65.061501},
  doi =		 {10.1103/PhysRevD.65.061501},
  publisher =	 {American Physical Society}
}

@Article{Blanchet:2004,
  title =	 {Gravitational Radiation from Inspiralling Compact
                  Binaries Completed at the Third Post-{N}ewtonian
                  Order},
  volume =	 93,
  url =
                  {http://link.aps.org/doi/10.1103/PhysRevLett.93.091101},
  doi =		 {10.1103/PhysRevLett.93.091101},
  number =	 9,
  journal =	 prl,
  author =	 {Luc Blanchet and Thibault Damour and Gilles
                  {Esposito-Far\`ese} and Bala R. Iyer},
  year =	 2004,
  pages =	 091101
}

@Article{Blanchet:2005a,
  title =	 {Erratum: {G}ravitational-wave inspiral of compact
                  binary systems to $7/2$ post-{N}ewtonian order
                  [{Phys. Rev. D 65, 061501(R) (2002)}]},
  author =	 {Blanchet, Luc and Faye, Guillaume and Iyer, Bala
                  R. and Joguet, Benoit },
  journal =	 prd,
  volume =	 71,
  number =	 12,
  pages =	 129902,
  numpages =	 2,
  year =	 2005,
  month =	 {Jun},
  doi =		 {10.1103/PhysRevD.71.129902},
  url =		 {http://link.aps.org/doi/10.1103/PhysRevD.71.129902},
  publisher =	 {American Physical Society}
}

@Article{Blanchet:2005b,
  title =	 {Erratum: {G}ravitational waves from inspiraling
                  compact binaries: {E}nergy flux to third
                  post-{N}ewtonian order [{Phys. Rev. D 65, 064005
                  (2002)}]},
  author =	 {Blanchet, Luc and Iyer, Bala R. and Joguet, Benoit },
  journal =	 {Phys. Rev. D},
  volume =	 71,
  number =	 12,
  pages =	 129903,
  numpages =	 1,
  year =	 2005,
  month =	 {Jun},
  url =		 {http://link.aps.org/doi/10.1103/PhysRevD.71.129903},
  doi =		 {10.1103/PhysRevD.71.129903},
  publisher =	 {American Physical Society}
}

@Article{Blanchet:2006gy,
  title =	 {Higher-order spin effects in the dynamics of compact
                  binaries. {II.} {R}adiation field},
  volume =	 74,
  url =		 {http://link.aps.org/doi/10.1103/PhysRevD.74.104034},
  doi =		 {10.1103/PhysRevD.74.104034},
  number =	 10,
  journal =	 prd,
  author =	 {Luc Blanchet and Alessandra Buonanno and Guillaume
                  Faye},
  month =	 nov,
  year =	 2006,
  note =	 {Note the two associated errata; the arXiv version
                  has been corrected},
  eprint =	 "gr-qc/0605140v4",
  archivePrefix ="arXiv",
  pages =	 104034
}

@Article{Blanchet:2007,
  title =	 {Erratum: Higher-order spin effects in the dynamics
                  of compact binaries. {II.} {R}adiation field
                  {[Phys. Rev. D} 74, 104034 (2006)]},
  volume =	 75,
  shorttitle =	 {Erratum},
  url =		 {http://link.aps.org/doi/10.1103/PhysRevD.75.049903},
  doi =		 {10.1103/PhysRevD.75.049903},
  number =	 4,
  journal =	 prd,
  author =	 {Luc Blanchet and Alessandra Buonanno and Guillaume
                  Faye},
  month =	 feb,
  year =	 2007,
  pages =	 049903
}

@Article{Blanchet:2008,
  title =	 {The third post-{N}ewtonian gravitational wave
                  polarizations and associated spherical harmonic
                  modes for inspiralling compact binaries in
                  quasi-circular orbits},
  volume =	 25,
  issn =	 {0264-9381},
  url =		 {http://stacks.iop.org/0264-9381/25/i=16/a=165003},
  number =	 16,
  journal =	 cqg,
  author =	 {Luc Blanchet and Guillaume Faye and Bala R. Iyer and
                  Siddhartha Sinha},
  year =	 2008,
  pages =	 165003
}

@Article{Blanchet:2010,
  title =	 {Erratum: {H}igher-order spin effects in the dynamics
                  of compact binaries. {II.} {R}adiation field
                  {[Phys. Rev. D} 74, 104034 (2006)]},
  volume =	 81,
  shorttitle =	 {Erratum},
  url =		 {http://link.aps.org/doi/10.1103/PhysRevD.81.089901},
  doi =		 {10.1103/PhysRevD.81.089901},
  number =	 8,
  journal =	 prd,
  author =	 {Luc Blanchet and Alessandra Buonanno and Guillaume
                  Faye},
  month =	 apr,
  year =	 2010,
  pages =	 089901
}

@Article{Brown:2007jx,
  author =	 "Brown, D. and others",
  title =	 "{Data formats for numerical relativity waves}",
  year =	 2007,
  eprint =	 "0709.0093",
  archivePrefix ="arXiv",
  primaryClass = "gr-qc",
  SLACcitation = "%%CITATION = 0709.0093;%%"
}

@Article{Buonanno:2007pf,
  author =	 "Buonanno, Alessandra and others",
  title =	 "{Toward faithful templates for non-spinning binary
                  black holes using the effective-one-body approach}",
  journal =	 "Phys. Rev.",
  volume =	 "D76",
  year =	 2007,
  pages =	 104049,
  eprint =	 "0706.3732",
  archivePrefix ="arXiv",
  primaryClass = "gr-qc",
  doi =		 "10.1103/PhysRevD.76.104049",
  SLACcitation = "%%CITATION = 0706.3732;%%"
}

@Article{Campanelli:2005dd,
  author =	 "Campanelli, Manuela and Lousto, C. O. and
                  Marronetti, P.  and Zlochower, Y.",
  title =	 "{Accurate Evolutions of Orbiting Black-Hole Binaries
                  Without Excision}",
  journal =	 "Phys. Rev. Lett.",
  volume =	 96,
  year =	 2006,
  pages =	 111101,
  eprint =	 "gr-qc/0511048",
  archivePrefix ="arXiv",
  doi =		 "10.1103/PhysRevLett.96.111101",
  SLACcitation = "%%CITATION = GR-QC/0511048;%%"
}

@Article{Damour:2000zb,
     author    = "Damour, Thibault and Iyer, Bala R. and
Sathyaprakash, B. S.
                  ",
     title     = "{A comparison of search templates for gravitational
waves
                  from binary  inspiral}",
     journal   = "Phys. Rev.",
     volume    = "D63",
     year      = "2001",
     pages     = "044023",
     eprint    = "gr-qc/0010009",
     archivePrefix = "arXiv",
     doi       = "10.1103/PhysRevD.63.044023",
     SLACcitation  = "%%CITATION = GR-QC/0010009;%%"
}

@Article{Damour:2002kr,
     author    = "Damour, Thibault and Iyer, Bala R. and
Sathyaprakash, B. S.
                  ",
     title     = "{A comparison of search templates for gravitational
waves
                  from binary  inspiral: 3.5-PN update}",
     journal   = "Phys. Rev.",
     volume    = "D66",
     year      = "2002",
     pages     = "027502",
     eprint    = "gr-qc/0207021",
     archivePrefix = "arXiv",
     doi       = "10.1103/PhysRevD.66.027502",
     SLACcitation  = "%%CITATION = GR-QC/0207021;%%"
}



@Article{Duez:2009yz,
  author =	 "Duez, Matthew D.",
  title =	 "{Numerical relativity confronts compact neutron star
                  binaries: a review and status report}",
  year =	 2009,
  eprint =	 "0912.3529",
  archivePrefix ="arXiv",
  primaryClass = "astro-ph.HE",
  SLACcitation = "%%CITATION = 0912.3529;%%"
}

@Article{Faber:2009zz,
  author =	 "Faber, Joshua",
  title =	 "{Status of neutron star-black hole and binary
                  neutron star simulations}",
  journal =	 "Class. Quant. Grav.",
  volume =	 26,
  year =	 2009,
  pages =	 114004,
  doi =		 "10.1088/0264-9381/26/11/114004",
  SLACcitation = "%%CITATION = CQGRD,26,114004;%%"
}

@Article{Hannam:2009hh,
  author =	 "Hannam, Mark and others",
  title =	 "{The Samurai Project: verifying the consistency of
                  black- hole-binary waveforms for gravitational-wave
                  detection}",
  journal =	 "Phys. Rev.",
  volume =	 "D79",
  year =	 2009,
  pages =	 084025,
  eprint =	 "0901.2437",
  archivePrefix ="arXiv",
  primaryClass = "gr-qc",
  doi =		 "10.1103/PhysRevD.79.084025",
  SLACcitation = "%%CITATION = 0901.2437;%%"
}

@Article{Hannam:2009rd,
  author =	 "Hannam, Mark",
  title =	 "{Status of black-hole-binary simulations for
                  gravitational- wave detection}",
  journal =	 "Class. Quant. Grav.",
  volume =	 26,
  year =	 2009,
  pages =	 114001,
  eprint =	 "0901.2931",
  archivePrefix ="arXiv",
  primaryClass = "gr-qc",
  doi =		 "10.1088/0264-9381/26/11/114001",
  SLACcitation = "%%CITATION = 0901.2931;%%"
}

@Article{Hinder:2010vn,
  author =	 "Hinder, Ian",
  title =	 "{The Current Status of Binary Black Hole Simulations
                  in Numerical Relativity}",
  year =	 2010,
  eprint =	 "1001.5161",
  archivePrefix ="arXiv",
  primaryClass = "gr-qc",
  SLACcitation = "%%CITATION = 1001.5161;%%"
}

@Article{Husa:2007zz,
  author =	 "Husa, Sascha",
  title =	 "{Numerical modeling of black holes as sources of
                  gravitational waves in a nutshell}",
  journal =	 "Eur. Phys. J. ST",
  volume =	 152,
  year =	 2007,
  pages =	 "183-207",
  eprint =	 "0812.4395",
  archivePrefix ="arXiv",
  primaryClass = "gr-qc",
  doi =		 "10.1140/epjst/e2007-00381-6",
  SLACcitation = "%%CITATION = 0812.4395;%%"
}

@Article{Ott:2008wt,
  author =	 "Ott, Christian D.",
  title =	 "{The Gravitational Wave Signature of Core-Collapse
                  Supernovae}",
  journal =	 "Class. Quant. Grav.",
  volume =	 26,
  year =	 2009,
  pages =	 063001,
  eprint =	 "0809.0695",
  archivePrefix ="arXiv",
  primaryClass = "astro-ph",
  doi =		 "10.1088/0264-9381/26/6/063001",
  SLACcitation = "%%CITATION = 0809.0695;%%"
}

@Article{Pretorius:2005gq,
  author =	 "Pretorius, Frans",
  title =	 "{Evolution of Binary Black Hole Spacetimes}",
  journal =	 "Phys. Rev. Lett.",
  volume =	 95,
  year =	 2005,
  pages =	 121101,
  eprint =	 "gr-qc/0507014",
  archivePrefix ="arXiv",
  doi =		 "10.1103/PhysRevLett.95.121101",
  SLACcitation = "%%CITATION = GR-QC/0507014;%%"
}

@Article{Pretorius:2007nq,
  author =	 "Pretorius, Frans",
  title =	 "{Binary Black Hole Coalescence}",
  year =	 2007,
  eprint =	 "0710.1338",
  archivePrefix ="arXiv",
  primaryClass = "gr-qc",
  SLACcitation = "%%CITATION = 0710.1338;%%"
}

@Article{Tagoshi:1997,
  title =	 {{Post-Newtonian} Expansion of Gravitational Waves
                  from a Particle in Circular Orbits around a Rotating
                  Black Hole {:Effects} of Black Hole Absorption},
  shorttitle =	 {{Post-Newtonian} Expansion of Gravitational Waves
                  from a Particle in Circular Orbits around a Rotating
                  Black Hole},
  url =		 {http://arxiv.org/abs/gr-qc/9711072},
  doi =		 {doi:10.1143/PTP.98.829},
  journal =	 {gr-qc/9711072},
  author =	 {Hideyuki Tagoshi and Shuhei Mano and Eiichi
                  Takasugi},
  month =	 nov,
  year =	 1997,
}

@Article{WillWiseman:1996,
  title =	 {Gravitational radiation from compact binary systems:
                  Gravitational waveforms and energy loss to second
                  {post-Newtonian} order},
  volume =	 54,
  url =		 {http://link.aps.org/doi/10.1103/PhysRevD.54.4813},
  doi =		 {10.1103/PhysRevD.54.4813},
  number =	 8,
  journal =	 prd,
  author =	 {Clifford M. Will and Alan G. Wiseman},
  month =	 oct,
  year =	 1996,
  pages =	 4813
}

@TECHREPORT{lalspec,
    author = "{Abbott et al.\ (LIGO Scientific Collaboration)}, B.~P.",
    number = "T990030-v2",
    month  = "April",
    year   = "2010",
}

@article{Centrella:2010mx,
      author         = "Centrella, Joan M. and Baker, John G. and Kelly, Bernard
                        J. and van Meter, James R.",
      title          = "{Black-hole binaries, gravitational waves, and numerical
                        relativity}",
      journal        = "Rev.Mod.Phys.",
      volume         = "82",
      year           = "19??",
      note           = "* Temporary entry *",
      eprint         = "1010.5260",
      archivePrefix  = "arXiv",
      primaryClass   = "gr-qc",
}


@article{Pekowsky:2013hm,
  title = {Impact of higher-order modes on the detection of binary black hole coalescences},
  author = {Pekowsky, Larne and Healy, James and Shoemaker, Deirdre and Laguna, Pablo},
  journal = {Phys. Rev. D},
  volume = {87},
  issue = {8},
  pages = {084008},
  numpages = {13},
  year = {2013},
  month = {Apr},
  publisher = {American Physical Society},
}

@article{Capano:2013hm,
      author         = "Capano, Collin and Pan, Yi and Buonanno, Alessandra",
      title          = "{Impact of Higher Harmonics in Searching for
                        Gravitational Waves from Non-Spinning Binary Black Holes}",
      year           = "2013",
      eprint         = "1311.1286",
      archivePrefix  = "arXiv",
      primaryClass   = "gr-qc",
      SLACcitation   = "%%CITATION = ARXIV:1311.1286;%%",
}

@article{Brown:2013hm,
  title = {Template banks to search for low-mass binary black holes in advanced gravitational-wave detectors},
  author = {Brown, Duncan A. and Kumar, Prayush and Nitz, Alexander H.},
  journal = {Phys. Rev. D},
  volume = {87},
  issue = {8},
  pages = {082004},
  numpages = {12},
  year = {2013},
  month = {Apr},
  publisher = {American Physical Society},
}


@article{Brown:2012fpfc,
  title = {Nonspinning searches for spinning black hole-neutron star binaries in ground-based detector data: Amplitude and mismatch predictions in the constant precession cone approximation},
  author = {Brown, Duncan A. and Lundgren, Andrew and O'Shaughnessy, R.},
  journal = {Phys. Rev. D},
  volume = {86},
  issue = {6},
  pages = {064020},
  numpages = {16},
  year = {2012},
  month = {Sep},
  publisher = {American Physical Society},
  doi = {10.1103/PhysRevD.86.064020},
  url = {http://link.aps.org/doi/10.1103/PhysRevD.86.064020}
}

@misc{SpEC,
      note = "The Spectral Einstein Code", 
	  url = "http://www.black-holes.org/SpEC.html"
}

@misc{SXS-Catalog,
      note = "SXS Gravitational Waveform Database", 
	  url = "http://www.black-holes.org/waveforms/"
}

@misc{lalsimulation,
      note = "LALSimulation is part of the LALSuite software package", 
	  url = "https://www.lsc-group.phys.uwm.edu/daswg/projects/lalsuite.html"
}

@misc{LALsuite,
	  url = "https://wiki.ligo.org/DASWG/LALSuite"
}

@misc{adligo-psd,
      title = "Advanced {LIGO} anticipated sensitivity curves", 
      note = "{LIGO} Document T0900288-v3", 
	  url = "https://dcc.ligo.org/LIGO-T0900288/public"
}

 Hep :: HepNames :: Institutions :: Conferences :: Jobs :: Experiments :: Journals :: Help

@article{Bruegmann:2006at,
      author         = "Bruegmann, Bernd and Gonzalez, Jose A. and Hannam, Mark
                        and Husa, Sascha and Sperhake, Ulrich and others",
      title          = "{Calibration of Moving Puncture Simulations}",
      journal        = "Phys.Rev.",
      volume         = "D77",
      pages          = "024027",
      doi            = "10.1103/PhysRevD.77.024027",
      year           = "2008",
      eprint         = "gr-qc/0610128",
      archivePrefix  = "arXiv",
      primaryClass   = "gr-qc",
      SLACcitation   = "%%CITATION = GR-QC/0610128;%%",
}

@article{Husa:2007hp,
      author         = "Husa, Sascha and Gonzalez, Jose A. and Hannam, Mark and
                        Bruegmann, Bernd and Sperhake, Ulrich",
      title          = "{Reducing phase error in long numerical binary black hole
                        evolutions with sixth order finite differencing}",
      journal        = "Class.Quant.Grav.",
      volume         = "25",
      pages          = "105006",
      doi            = "10.1088/0264-9381/25/10/105006",
      year           = "2008",
      eprint         = "0706.0740",
      archivePrefix  = "arXiv",
      primaryClass   = "gr-qc",
      SLACcitation   = "%%CITATION = ARXIV:0706.0740;%%",
}

@article{Brandt:1997tf,
      author         = "Brandt, Steven and Bruegmann, Bernd",
      title          = "{A Simple construction of initial data for multiple black
                        holes}",
      journal        = "Phys.Rev.Lett.",
      volume         = "78",
      pages          = "3606-3609",
      doi            = "10.1103/PhysRevLett.78.3606",
      year           = "1997",
      eprint         = "gr-qc/9703066",
      archivePrefix  = "arXiv",
      primaryClass   = "gr-qc",
      SLACcitation   = "%%CITATION = GR-QC/9703066;%%",
}

@article{Bowen:1980yu,
      author         = "Bowen, Jeffrey M. and York, James W., Jr.",
      title          = "{Time asymmetric initial data for black holes and black
                        hole collisions}",
      journal        = "Phys.Rev.",
      volume         = "D21",
      pages          = "2047-2056",
      doi            = "10.1103/PhysRevD.21.2047",
      year           = "1980",
      SLACcitation   = "%%CITATION = PHRVA,D21,2047;%%",
}

@article{Ansorg:2004ds,
      author         = "Ansorg, Marcus and Bruegmann, Bernd and Tichy, Wolfgang",
      title          = "{A Single-domain spectral method for black hole puncture
                        data}",
      journal        = "Phys.Rev.",
      volume         = "D70",
      pages          = "064011",
      doi            = "10.1103/PhysRevD.70.064011",
      year           = "2004",
      eprint         = "gr-qc/0404056",
      archivePrefix  = "arXiv",
      primaryClass   = "gr-qc",
      reportNumber   = "CGPG-03-12-3",
      SLACcitation   = "%%CITATION = GR-QC/0404056;%%",
}

@Article{Hannam:2006vv,
     author    = "Hannam, Mark and Husa, Sascha and Pollney, Denis and
                  Br{\"u}gmann, Bernd and {\'O Murchadha}, Niall",
     title     = "{Geometry and Regularity of Moving Punctures}",
     journal   = "Phys. Rev. Lett.",
     volume    = "99",
     year      = "2007",
     pages     = "241102",
     eprint    = "gr-qc/0606099",
     archivePrefix = "arXiv",
     doi       = "10.1103/PhysRevLett.99.241102",
     SLACcitation  = "%%CITATION = GR-QC/0606099;%%"
}

@Article{Shibata:1995we,
     author    = "Shibata, M. and Nakamura, T.",
     title     = "{Evolution of three-dimensional gravitational waves:
                  Harmonic slicing case}",
     journal   = "Phys. Rev.",
     volume    = "D52",
     year      = "1995",
     pages     = "5428-5444",
     doi       = "10.1103/PhysRevD.52.5428",
     SLACcitation  = "%%CITATION = PHRVA,D52,5428;%%"
}

@Article{Baumgarte:1998te,
     author    = "Baumgarte, Thomas W. and Shapiro, Stuart L.",
     title     = "{On the numerical integration of Einstein's field
                  equations}",
     journal   = "Phys. Rev.",
     volume    = "D59",
     year      = "1999",
     pages     = "024007",
     eprint    = "gr-qc/9810065",
     archivePrefix = "arXiv",
     doi       = "10.1103/PhysRevD.59.024007",
     SLACcitation  = "%%CITATION = GR-QC/9810065;%%"
}

@article{Husa:2007rh,
      author         = "Husa, Sascha and Hannam, Mark and Gonzalez, Jose A. and
                        Sperhake, Ulrich and Bruegmann, Bernd",
      title          = "{Reducing eccentricity in black-hole binary evolutions
                        with initial parameters from post-Newtonian inspiral}",
      journal        = "Phys.Rev.",
      volume         = "D77",
      pages          = "044037",
      doi            = "10.1103/PhysRevD.77.044037",
      year           = "2008",
      eprint         = "0706.0904",
      archivePrefix  = "arXiv",
      primaryClass   = "gr-qc",
      SLACcitation   = "%%CITATION = ARXIV:0706.0904;%%",
}

@article{Ajith:2012az,
      author         = "Ajith, P. and Boyle, Michael and Brown, Duncan A. and
                        Br√ºgmann, Bernd and Buchman, Luisa T. and others",
      title          = "{The NINJA-2 catalog of hybrid
                        post-Newtonian/numerical-relativity waveforms for
                        non-precessing black-hole binaries}",
      journal        = "Class.Quant.Grav.",
      volume         = "29",
      pages          = "124001",
      doi            = "10.1088/0264-9381/30/19/199401,
                        10.1088/0264-9381/29/12/124001",
      year           = "2012",
      eprint         = "1201.5319",
      archivePrefix  = "arXiv",
      primaryClass   = "gr-qc",
      SLACcitation   = "%%CITATION = ARXIV:1201.5319;%%",
}

@article{Hinder:2013oqa,
      author         = "Hinder, Ian and Buonanno, Alessandra and Boyle, Michael
                        and Etienne, Zachariah B. and Healy, James and others",
      title          = "{Error-analysis and comparison to analytical models of
                        numerical waveforms produced by the NRAR Collaboration}",
      journal        = "Class.Quant.Grav.",
      volume         = "31",
      pages          = "025012",
      doi            = "10.1088/0264-9381/31/2/025012",
      year           = "2014",
      eprint         = "1307.5307",
      archivePrefix  = "arXiv",
      primaryClass   = "gr-qc",
      reportNumber   = "AEI-2013-223",
      SLACcitation   = "%%CITATION = ARXIV:1307.5307;%%",
}

@article{Mroue:2010re,
      author         = "Mroue, Abdul H. and Pfeiffer, Harald P. and Kidder,
                        Lawrence E. and Teukolsky, Saul A.",
      title          = "{Measuring orbital eccentricity and periastron advance in
                        quasi-circular black hole simulations}",
      journal        = "Phys.Rev.",
      volume         = "D82",
      pages          = "124016",
      doi            = "10.1103/PhysRevD.82.124016",
      year           = "2010",
      eprint         = "1004.4697",
      archivePrefix  = "arXiv",
      primaryClass   = "gr-qc",
      SLACcitation   = "%%CITATION = ARXIV:1004.4697;%%",
}

@Article{Cutler:1994ys,
      author         = "Cutler, Curt and Flanagan, Eanna E.",
      title          = "{Gravitational waves from merging compact binaries: How
                        accurately can one extract the binary's parameters from
                        the inspiral wave form?}",
      journal        = "Phys.Rev.",
      volume         = "D49",
      pages          = "2658-2697",
      year           = "1994",
}

@article{Poisson:1995ef,
      author         = "Poisson, Eric and Will, Clifford M.",
      title          = "{Gravitational waves from inspiraling compact binaries:
                        Parameter estimation using second postNewtonian wave
                        forms}",
      journal        = "Phys.Rev.",
      volume         = "D52",
      pages          = "848-855",
      doi            = "10.1103/PhysRevD.52.848",
      year           = "1995",
      eprint         = "gr-qc/9502040",
      archivePrefix  = "arXiv",
      primaryClass   = "gr-qc",
      reportNumber   = "WUGRAV-95-2",
      SLACcitation   = "%%CITATION = GR-QC/9502040;%%",
}

@article{Baird:2012cu,
      author         = "Baird, Emily and Fairhurst, Stephen and Hannam, Mark and
                        Murphy, Patricia",
      title          = "{Degeneracy between mass and spin in black-hole-binary
                        waveforms}",
      journal        = "Phys.Rev.",
      volume         = "D87",
      pages          = "024035",
      doi            = "10.1103/PhysRevD.87.024035",
      year           = "2013",
      eprint         = "1211.0546",
      archivePrefix  = "arXiv",
      primaryClass   = "gr-qc",
      SLACcitation   = "%%CITATION = ARXIV:1211.0546;%%",
}

@article{Hannam:2013uu,
      author         = "Hannam, Mark and Brown, Duncan A. and Fairhurst, Stephen
                        and Fryer, Chris L. and Harry, Ian W.",
      title          = "{When can gravitational-wave observations distinguish
                        between black holes and neutron stars?}",
      journal        = "Astrophys.J.",
      volume         = "766",
      pages          = "L14",
      doi            = "10.1088/2041-8205/766/1/L14",
      year           = "2013",
      eprint         = "1301.5616",
      archivePrefix  = "arXiv",
      primaryClass   = "gr-qc",
      reportNumber   = "NSF-KITP-13-013",
      SLACcitation   = "%%CITATION = ARXIV:1301.5616;%%",
}

@article{Chatziioannou:2014coa,
      author         = "Chatziioannou, Katerina and Cornish, Neil and Klein,
                        Antoine and Yunes, Nicolas",
      title          = "{Spin-Precession: Breaking the Black Hole--Neutron Star
                        Degeneracy}",
      year           = "2014",
      eprint         = "1402.3581",
      archivePrefix  = "arXiv",
      primaryClass   = "gr-qc",
      SLACcitation   = "%%CITATION = ARXIV:1402.3581;%%",
}

@article{O'Shaughnessy:2014dka,
      author         = "O'Shaughnessy, R. and Farr, B. and Ochsner, E. and Cho,
                        H.S. and Raymond, V. and others",
      title          = "{Parameter Estimation of Gravitational Waves from
                        Precessing BH-NS Inspirals with higher harmonics}",
      year           = "2014",
      eprint         = "1403.0544",
      archivePrefix  = "arXiv",
      primaryClass   = "gr-qc",
      reportNumber   = "LIGO-DCC-P1400020",
      SLACcitation   = "%%CITATION = ARXIV:1403.0544;%%",
}

@article{Reisswig:2010di,
      author         = "Reisswig, Christian and Pollney, Denis",
      title          = "{Notes on the integration of numerical relativity
                        waveforms}",
      journal        = "Class.Quant.Grav.",
      volume         = "28",
      pages          = "195015",
      doi            = "10.1088/0264-9381/28/19/195015",
      year           = "2011",
      eprint         = "1006.1632",
      archivePrefix  = "arXiv",
      primaryClass   = "gr-qc",
      SLACcitation   = "%%CITATION = ARXIV:1006.1632;%%",
}

@article{Mroue:2012kv,
      author         = "Mroue, Abdul H. and Pfeiffer, Harald P.",
      title          = "{Precessing Binary Black Holes Simulations: Quasicircular
                        Initial Data}",
      year           = "2012",
      eprint         = "1210.2958",
      archivePrefix  = "arXiv",
      primaryClass   = "gr-qc",
      SLACcitation   = "%%CITATION = ARXIV:1210.2958;%%",
}
@article{Hemberger:2013hsa,
      author         = "Hemberger, Daniel A. and Lovelace, Geoffrey and Loredo,
                        Thomas J. and Kidder, Lawrence E. and Scheel, Mark A. and
                        others",
      title          = "{Final spin and radiated energy in numerical simulations
                        of binary black holes with equal masses and equal, aligned
                        or anti-aligned spins}",
      journal        = "Phys.Rev.",
      volume         = "D88",
      pages          = "064014",
      doi            = "10.1103/PhysRevD.88.064014",
      year           = "2013",
      eprint         = "1305.5991",
      archivePrefix  = "arXiv",
      primaryClass   = "gr-qc",
      SLACcitation   = "%%CITATION = ARXIV:1305.5991;%%",
}
@article{Lovelace:2010ne,
      author         = "Lovelace, Geoffrey and Scheel, Mark.A. and Szilagyi,
                        Bela",
      title          = "{Simulating merging binary black holes with nearly
                        extremal spins}",
      journal        = "Phys.Rev.",
      volume         = "D83",
      pages          = "024010",
      doi            = "10.1103/PhysRevD.83.024010",
      year           = "2011",
      eprint         = "1010.2777",
      archivePrefix  = "arXiv",
      primaryClass   = "gr-qc",
      SLACcitation   = "%%CITATION = ARXIV:1010.2777;%%",
}
@article{Lovelace:2011nu,
      author         = "Lovelace, Geoffrey and Boyle, Michael and Scheel, Mark A.
                        and Szilagyi, Bela",
      title          = "{Accurate gravitational waveforms for binary-black-hole
                        mergers with nearly extremal spins}",
      journal        = "Class.Quant.Grav.",
      volume         = "29",
      pages          = "045003",
      doi            = "10.1088/0264-9381/29/4/045003",
      year           = "2012",
      eprint         = "1110.2229",
      archivePrefix  = "arXiv",
      primaryClass   = "gr-qc",
      SLACcitation   = "%%CITATION = ARXIV:1110.2229;%%",
}

@misc{SXS:catalog,
  howpublished = "\url{http://www.black-holes.org/waveforms}",
}

@article{Mroue:2013xna,
      author         = "Mroue, Abdul H. and Scheel, Mark A. and Szilagyi, Bela
                        and Pfeiffer, Harald P. and Boyle, Michael and others",
      title          = "{A catalog of 171 high-quality binary black-hole
                        simulations for gravitational-wave astronomy}",
      year           = "2013",
      eprint         = "1304.6077",
      archivePrefix  = "arXiv",
      primaryClass   = "gr-qc",
      SLACcitation   = "%%CITATION = ARXIV:1304.6077;%%",
}

@article{Buchman:2012dw,
      author         = "Buchman, Luisa T. and Pfeiffer, Harald P. and Scheel,
                        Mark A. and Szilagyi, Bela",
      title          = "{Simulations of non-equal mass black hole binaries with
                        spectral methods}",
      journal        = "Phys.Rev.",
      volume         = "D86",
      pages          = "084033",
      doi            = "10.1103/PhysRevD.86.084033",
      year           = "2012",
      eprint         = "1206.3015",
      archivePrefix  = "arXiv",
      primaryClass   = "gr-qc",
      SLACcitation   = "%%CITATION = ARXIV:1206.3015;%%",
}
@article{Chu:2009md,
      author         = "Chu, Tony and Pfeiffer, Harald P. and Scheel, Mark A.",
      title          = "{High accuracy simulations of black hole binaries: Spins
                        anti-aligned with the orbital angular momentum}",
      journal        = "Phys.Rev.",
      volume         = "D80",
      pages          = "124051",
      doi            = "10.1103/PhysRevD.80.124051",
      year           = "2009",
      eprint         = "0909.1313",
      archivePrefix  = "arXiv",
      primaryClass   = "gr-qc",
      SLACcitation   = "%%CITATION = ARXIV:0909.1313;%%",
}

@article{Blackman:2015pia,
      author         = "Blackman, Jonathan and Field, Scott E. and Galley, Chad
                        R. and Szilagyi, Bela and Scheel, Mark A. and Tiglio,
                        Manuel and Hemberger, Daniel A.",
      title          = "{Fast and Accurate Prediction of Numerical Relativity
                        Waveforms from Binary Black Hole Coalescences Using
                        Surrogate Models}",
      journal        = "Phys. Rev. Lett.",
      volume         = "115",
      year           = "2015",
      number         = "12",
      pages          = "121102",
      doi            = "10.1103/PhysRevLett.115.121102",
      eprint         = "1502.07758",
      archivePrefix  = "arXiv",
      primaryClass   = "gr-qc",
      SLACcitation   = "%%CITATION = ARXIV:1502.07758;%%"
}

@article{Friedrich:1996hq,
      author         = "Friedrich, H.",
      title          = "{Hyperbolic reductions for Einstein's equations}",
      journal        = "Class.Quant.Grav.",
      volume         = "13",
      pages          = "1451-1469",
      doi            = "10.1088/0264-9381/13/6/014",
      year           = "1996",
      SLACcitation   = "%%CITATION = CQGRD,13,1451;%%",
}

@article{Varma:2014hm,
  title = {Gravitational-wave observations of binary black holes: Effect of nonquadrupole modes},
  author = {Varma, Vijay and Ajith, Parameswaran and Husa, Sascha and Bustillo, Juan Calderon and Hannam, Mark and P\"urrer, Michael},
  journal = {Phys. Rev. D},
  volume = {90},
  issue = {12},
  pages = {124004},
  numpages = {13},
  year = {2014},
  month = {Dec},
  publisher = {American Physical Society},
  doi = {10.1103/PhysRevD.90.124004},
  url = {http://link.aps.org/doi/10.1103/PhysRevD.90.124004}
}

@article{CalderonBustillo:2016hm,
  title = {Impact of gravitational radiation higher order modes on single aligned-spin gravitational wave searches for binary black holes},
  author = {Calder\'on Bustillo, Juan and Husa, Sascha and Sintes, Alicia M. and P\"urrer, Michael},
  journal = {Phys. Rev. D},
  volume = {93},
  issue = {8},
  pages = {084019},
  numpages = {12},
  year = {2016},
  month = {Apr},
  publisher = {American Physical Society},
  doi = {10.1103/PhysRevD.93.084019},
  url = {http://link.aps.org/doi/10.1103/PhysRevD.93.084019}
}


@article{LSC_2016firstdetection,
  title = {Observation of Gravitational Waves from a Binary Black Hole Merger},
  author = "{Abbott et al.}, B.~P.",
  collaboration = {LIGO Scientific Collaboration and Virgo Collaboration},
  journal = {Phys. Rev. Lett.},
  volume = {116},
  issue = {6},
  pages = {061102},
  numpages = {16},
  year = {2016},
  month = {Feb},
  publisher = {American Physical Society},
  doi = {10.1103/PhysRevLett.116.061102},
  url = {http://link.aps.org/doi/10.1103/PhysRevLett.116.061102}
}

@article{LSC_2016seconddetection,
  title = {GW151226: Observation of Gravitational Waves from a 22-Solar-Mass Binary Black Hole Coalescence},
  author = "{Abbott et al.}, B.~P.",
  collaboration = {LIGO Scientific Collaboration and Virgo Collaboration},
  journal = {Phys. Rev. Lett.},
  volume = {116},
  issue = {24},
  pages = {241103},
  numpages = {14},
  year = {2016},
  month = {Jun},
  publisher = {American Physical Society},
  doi = {10.1103/PhysRevLett.116.241103},
  url = {http://link.aps.org/doi/10.1103/PhysRevLett.116.241103}
}

@article{LSC_2016O1results,
  title = {Binary Black Hole Mergers in the First Advanced LIGO Observing Run},
  author = "{Abbott et al.}, B.~P.",
  collaboration = {LIGO Scientific Collaboration and Virgo Collaboration},
  journal = {Phys. Rev. X},
  volume = {6},
  issue = {4},
  pages = {041015},
  numpages = {36},
  year = {2016},
  month = {Oct},
  publisher = {American Physical Society},
  doi = {10.1103/PhysRevX.6.041015},
  url = {http://link.aps.org/doi/10.1103/PhysRevX.6.041015}
}


@ARTICLE{LSC_2016rates,
  author = "{Abbott et al.\ (LIGO Scientific Collaboration)}, B.~P.",
  title = "{The Rate of Binary Black Hole Mergers Inferred from Advanced LIGO Observations Surrounding GW150914}",
  journal = {ArXiv e-prints},
  archivePrefix = "arXiv",
  eprint = {1602.03842},
  primaryClass = "astro-ph.HE",
  keywords = {Astrophysics - High Energy Astrophysical Phenomena, General Relativity and Quantum Cosmology},
  year = 2016,
  month = feb,
  adsurl = {http://adsabs.harvard.edu/abs/2016arXiv160203842T},
  adsnote = {Provided by the SAO/NASA Astrophysics Data System}
}

@ARTICLE{LSC_2016astroph,
  author = "{Abbott et al.\ (LIGO Scientific Collaboration)}, B.~P.",
    title = "{Astrophysical Implications of the Binary Black-hole Merger GW150914}",
 journal={The Astrophysical Journal Letters},
archivePrefix = "arXiv",
   eprint = {1602.03846},
 primaryClass = "astro-ph.HE",
 keywords = {gravitational waves, stars: black holes, stars: massive},
     year = 2016,
    month = feb,
   volume = 818,
      eid = {L22},
    pages = {L22},
      doi = {10.3847/2041-8205/818/2/L22},
   adsurl = {http://adsabs.harvard.edu/abs/2016ApJ...818L..22A},
  adsnote = {Provided by the SAO/NASA Astrophysics Data System}
}

@article{LSC_2016paramest,
  title = {Properties of the Binary Black Hole Merger GW150914},
  author = "{Abbott et al.}, B.~P.",
  collaboration = {LIGO Scientific Collaboration and Virgo Collaboration},
  journal = {Phys. Rev. Lett.},
  volume = {116},
  issue = {24},
  pages = {241102},
  numpages = {19},
  year = {2016},
  month = {Jun},
  publisher = {American Physical Society},
  doi = {10.1103/PhysRevLett.116.241102},
  url = {http://link.aps.org/doi/10.1103/PhysRevLett.116.241102}
}


@article{LSC_2016grtests,
  title = {Tests of General Relativity with GW150914},
  author = "{Abbott et al.}, B.~P.",
  collaboration = {LIGO Scientific and Virgo Collaborations},
  journal = {Phys. Rev. Lett.},
  volume = {116},
  issue = {22},
  pages = {221101},
  numpages = {19},
  year = {2016},
  month = {May},
  publisher = {American Physical Society},
  doi = {10.1103/PhysRevLett.116.221101},
  url = {http://link.aps.org/doi/10.1103/PhysRevLett.116.221101}
}


@article{LSC_2016burstsearch,
  title = {Observing gravitational-wave transient GW150914 with minimal assumptions},
  author = "{Abbott et al.}, B.~P.",
  collaboration = {LIGO Scientific Collaboration and Virgo Collaboration},
  journal = {Phys. Rev. D},
  volume = {93},
  issue = {12},
  pages = {122004},
  numpages = {20},
  year = {2016},
  month = {Jun},
  publisher = {American Physical Society},
  doi = {10.1103/PhysRevD.93.122004},
  url = {http://link.aps.org/doi/10.1103/PhysRevD.93.122004}
}

@article{LSC_2016cbcsearch,
  title = {GW150914: First results from the search for binary black hole coalescence with Advanced LIGO},
  author = "{Abbott et al.}, B.~P.",
  collaboration = {LIGO Scientific Collaboration and Virgo Collaboration},
  journal = {Phys. Rev. D},
  volume = {93},
  issue = {12},
  pages = {122003},
  numpages = {21},
  year = {2016},
  month = {Jun},
  publisher = {American Physical Society},
  doi = {10.1103/PhysRevD.93.122003},
  url = {http://link.aps.org/doi/10.1103/PhysRevD.93.122003}
}

@article{LSC_2016nrsystematics,
  title = {Directly comparing GW150914 with numerical solutions of Einstein's equations for binary black hole coalescence},
  author = "{Abbott et al.}, B.~P.",
  collaboration = {LIGO Scientific Collaboration and Virgo Collaboration},
  journal = {Phys. Rev. D},
  volume = {94},
  issue = {6},
  pages = {064035},
  numpages = {30},
  year = {2016},
  month = {Sep},
  publisher = {American Physical Society},
  doi = {10.1103/PhysRevD.94.064035},
  url = {http://link.aps.org/doi/10.1103/PhysRevD.94.064035}
}


@article{Husa_2016IMRPhenomD,
  title = {Frequency-domain gravitational waves from nonprecessing black-hole binaries. I. New numerical waveforms and anatomy of the signal},
  author = {Husa, Sascha and Khan, Sebastian and Hannam, Mark and P\"urrer, Michael and Ohme, Frank and Forteza, Xisco Jim\'enez and Boh\'e, Alejandro},
  journal = {Phys. Rev. D},
  volume = {93},
  issue = {4},
  pages = {044006},
  numpages = {19},
  year = {2016},
  month = {Feb},
  publisher = {American Physical Society},
  doi = {10.1103/PhysRevD.93.044006},
  url = {http://link.aps.org/doi/10.1103/PhysRevD.93.044006}
}


@article{Khan_2016IMRPhenomD,
  title = {Frequency-domain gravitational waves from nonprecessing black-hole binaries. II. A phenomenological model for the advanced detector era},
  author = {Khan, Sebastian and Husa, Sascha and Hannam, Mark and Ohme, Frank and P\"urrer, Michael and Forteza, Xisco Jim\'enez and Boh\'e, Alejandro},
  journal = {Phys. Rev. D},
  volume = {93},
  issue = {4},
  pages = {044007},
  numpages = {27},
  year = {2016},
  month = {Feb},
  publisher = {American Physical Society},
  doi = {10.1103/PhysRevD.93.044007},
  url = {http://link.aps.org/doi/10.1103/PhysRevD.93.044007}
}


@article{Campanelli_2006orbitalhangup,
  title = {Spinning-black-hole binaries: The orbital hang-up},
  author = {Campanelli, M. and Lousto, C. O. and Zlochower, Y.},
  journal = {Phys. Rev. D},
  volume = {74},
  issue = {4},
  pages = {041501},
  numpages = {5},
  year = {2006},
  month = {Aug},
  publisher = {American Physical Society},
  doi = {10.1103/PhysRevD.74.041501},
  url = {http://link.aps.org/doi/10.1103/PhysRevD.74.041501}
}


@article{Hannam_2008orbitalhangup,
  title = {Comparison between numerical-relativity and post-Newtonian waveforms from spinning binaries: The orbital hang-up case},
  author = {Hannam, Mark and Husa, Sascha and Br\"ugmann, Bernd and Gopakumar, Achamveedu},
  journal = {Phys. Rev. D},
  volume = {78},
  issue = {10},
  pages = {104007},
  numpages = {11},
  year = {2008},
  month = {Nov},
  publisher = {American Physical Society},
  doi = {10.1103/PhysRevD.78.104007},
  url = {http://link.aps.org/doi/10.1103/PhysRevD.78.104007}
}




@article{2009lrr:SathyaSchutz,
  title    = {Physics, Astrophysics and Cosmology with Gravitational Waves},
  author   = {B.S. Sathyaprakash and Bernard F. Schutz},
  journal  = {Living Reviews in Relativity},
  year     = {2009},
  number   = {2},
  volume   = {12},
  keywords = {Gravitational wave sources, Data analysis, Gravitational wave detectors, Gravitational waves},
  doi      = {10.1007/lrr-2009-2},
  url      = {http://www.livingreviews.org/lrr-2009-2}
}



@ARTICLE{2015Graff_HigherModesIMBH,
   author = {{Graff}, P.~B. and {Buonanno}, A. and {Sathyaprakash}, B.~S.
	},
    title = "{Missing Link: Bayesian detection and measurement of intermediate-mass black-hole binaries}",
  journal = {\prd},
archivePrefix = "arXiv",
   eprint = {1504.04766},
 primaryClass = "gr-qc",
 keywords = {Gravitational-wave astrophysics, Applications of Monte Carlo methods, Classical black holes, Gravitational wave detectors and experiments},
     year = 2015,
    month = jul,
   volume = 92,
   number = 2,
      eid = {022002},
    pages = {022002},
      doi = {10.1103/PhysRevD.92.022002},
   adsurl = {http://adsabs.harvard.edu/abs/2015PhRvD..92b2002G},
  adsnote = {Provided by the SAO/NASA Astrophysics Data System}
}


@article{MacDonald:2012mp,
      author         = "MacDonald, Ilana and Mroue, Abdul H. and Pfeiffer, Harald
                        P. and Boyle, Michael and Kidder, Lawrence E. and Scheel,
                        Mark A. and Szilagyi, Bela and Taylor, Nicholas W.",
      title          = "{Suitability of hybrid gravitational waveforms for
                        unequal-mass binaries}",
      journal        = "Phys. Rev.",
      volume         = "D87",
      year           = "2013",
      number         = "2",
      pages          = "024009",
      doi            = "10.1103/PhysRevD.87.024009",
      eprint         = "1210.3007",
      archivePrefix  = "arXiv",
      primaryClass   = "gr-qc",
      SLACcitation   = "%%CITATION = ARXIV:1210.3007;%%"
}


@article{MacDonald:2011ne,
      author         = "MacDonald, Ilana and Nissanke, Samaya and Pfeiffer,
                        Harald P. and Pfeiffer, Harald P.",
      title          = "{Suitability of post-Newtonian/numerical-relativity
                        hybrid waveforms for gravitational wave detectors}",
      booktitle      = "{Theory meets data analysis at comparable and extreme
                        mass ratios. Proceedings, Conference, NRDA/CAPRA 2010,
                        Waterloo, Canada, June 20-26, 2010}",
      journal        = "Class. Quant. Grav.",
      volume         = "28",
      year           = "2011",
      pages          = "134002",
      doi            = "10.1088/0264-9381/28/13/134002",
      eprint         = "1102.5128",
      archivePrefix  = "arXiv",
      primaryClass   = "gr-qc",
      SLACcitation   = "%%CITATION = ARXIV:1102.5128;%%"
}


@article{Bustillo2016_hm,
archivePrefix = {arXiv},
arxivId = {1612.02340},
author = {Bustillo, Juan Calderon and Laguna, Pablo and Shoemaker, Deirdre},
eprint = {1612.02340},
month = {dec},
pages = {6},
title = {{Detectability of gravitational waves from binary black holes: Impact of precession and higher modes}},
url = {http://arxiv.org/abs/1612.02340},
year = {2016}
}  

@article{Lynch_2015BurstSearch,
      author         = "Lynch, Ryan and Vitale, Salvatore and Essick, Reed and
                        Katsavounidis, Erik and Robinet, Florent",
      title          = "{An information-theoretic approach to the
                        gravitational-wave burst detection problem}",
      year           = "2015",
      eprint         = "1511.05955",
      archivePrefix  = "arXiv",
      primaryClass   = "gr-qc",
      SLACcitation   = "%%CITATION = ARXIV:1511.05955;%%"
}


@article{Veitch2010_Lalinference,
  title = {Bayesian coherent analysis of in-spiral gravitational wave signals with a detector network},
  author = {Veitch, J. and Vecchio, A.},
  journal = {Phys. Rev. D},
  volume = {81},
  issue = {6},
  pages = {062003},
  numpages = {21},
  year = {2010},
  month = {Mar},
  publisher = {American Physical Society},
  doi = {10.1103/PhysRevD.81.062003},
  url = {http://link.aps.org/doi/10.1103/PhysRevD.81.062003}
}



@article{Canton:2014ena,
      author         = "Dal Canton, Tito and others",
      title          = "{Implementing a search for aligned-spin neutron
                        star-black hole systems with advanced ground based
                        gravitational wave detectors}",
      journal        = "Phys. Rev.",
      volume         = "D90",
      year           = "2014",
      number         = "8",
      pages          = "082004",
      doi            = "10.1103/PhysRevD.90.082004",
      eprint         = "1405.6731",
      archivePrefix  = "arXiv",
      primaryClass   = "gr-qc",
      reportNumber   = "LIGO-P1400053",
      SLACcitation   = "%%CITATION = ARXIV:1405.6731;%%"
}


@article{Usman:2015kfa,
      author         = "Usman, Samantha A. and others",
      title          = "{The PyCBC search for gravitational waves from compact
                        binary coalescence}",
      journal        = "Class. Quant. Grav.",
      volume         = "33",
      year           = "2016",
      number         = "21",
      pages          = "215004",
      doi            = "10.1088/0264-9381/33/21/215004",
      eprint         = "1508.02357",
      archivePrefix  = "arXiv",
      primaryClass   = "gr-qc",
      reportNumber   = "LIGO-P1500086",
      SLACcitation   = "%%CITATION = ARXIV:1508.02357;%%"
}


@article{Cannon:2011vi,
      author         = "Cannon, Kipp and others",
      title          = "{Toward Early-Warning Detection of Gravitational Waves
                        from Compact Binary Coalescence}",
      journal        = "Astrophys. J.",
      volume         = "748",
      year           = "2012",
      pages          = "136",
      doi            = "10.1088/0004-637X/748/2/136",
      eprint         = "1107.2665",
      archivePrefix  = "arXiv",
      primaryClass   = "astro-ph.IM",
      reportNumber   = "LIGO-P0900004, LIGO-P0900004-V34",
      SLACcitation   = "%%CITATION = ARXIV:1107.2665;%%"
}


@article{Veitch:2014wba,
      author         = "Veitch, J. and others",
      title          = "{Parameter estimation for compact binaries with
                        ground-based gravitational-wave observations using the
                        LALInference software library}",
      journal        = "Phys. Rev.",
      volume         = "D91",
      year           = "2015",
      number         = "4",
      pages          = "042003",
      doi            = "10.1103/PhysRevD.91.042003",
      eprint         = "1409.7215",
      archivePrefix  = "arXiv",
      primaryClass   = "gr-qc",
      reportNumber   = "LIGO-P1400152",
      SLACcitation   = "%%CITATION = ARXIV:1409.7215;%%"
}

